<DATE>;<TIME>;<LAST>;<VOL>;<ID>;<OPER>
20240219;095932;3424.800000000;17;9636094119;S
20240219;095932;3424.800000000;1;9636094120;S
20240219;095932;3424.800000000;2;9636094121;B
20240219;095932;3424.800000000;1;9636094122;B
20240219;095932;3424.800000000;1;9636094123;B
20240219;095932;3424.800000000;7;9636094124;B
20240219;095932;3424.800000000;6;9636094125;B
20240219;095932;3424.800000000;1;9636094126;B
20240219;095932;3424.800000000;2;9636094127;B
20240219;095932;3424.800000000;10;9636094128;B
20240219;095932;3424.800000000;1;9636094129;B
20240219;095932;3424.800000000;1;9636094130;B
20240219;095932;3424.800000000;10;9636094131;B
20240219;095932;3424.800000000;9;9636094132;B
20240219;095932;3424.800000000;1;9636094133;B
20240219;095932;3424.800000000;5;9636094134;B
20240219;095932;3424.800000000;1;9636094135;B
20240219;095932;3424.800000000;8;9636094136;B
20240219;095932;3424.800000000;1;9636094137;B
20240219;095932;3424.800000000;6;9636094138;B
20240219;095932;3424.800000000;5;9636094139;B
20240219;095932;3424.800000000;1;9636094140;B
20240219;095932;3424.800000000;4;9636094141;B
20240219;095932;3424.800000000;1;9636094142;S
20240219;095932;3424.800000000;7;9636094143;S
20240219;095932;3424.800000000;23;9636094144;S
20240219;095932;3424.800000000;1;9636094145;S
20240219;095932;3424.800000000;1;9636094146;S
20240219;095932;3424.800000000;6;9636094147;S
20240219;095932;3424.800000000;10;9636094148;S
20240219;095932;3424.800000000;23;9636094149;S
20240219;095932;3424.800000000;1;9636094150;S
20240219;095932;3424.800000000;1;9636094151;S
20240219;095932;3424.800000000;21;9636094152;S
20240219;095932;3424.800000000;1;9636094153;B
20240219;095932;3424.800000000;1;9636094154;S
20240219;095932;3424.800000000;11;9636094155;B
20240219;095932;3424.800000000;11;9636094156;B
20240219;095932;3424.800000000;1;9636094157;B
20240219;095932;3424.800000000;1;9636094158;B
20240219;095932;3424.800000000;9;9636094159;B
20240219;095932;3424.800000000;5;9636094160;B
20240219;095932;3424.800000000;8;9636094161;B
20240219;095932;3424.800000000;3;9636094162;B
20240219;095932;3424.800000000;1;9636094163;B
20240219;095932;3424.800000000;4;9636094164;B
20240219;095932;3424.800000000;1;9636094165;B
20240219;095932;3424.800000000;30;9636094166;B
20240219;095932;3424.800000000;5;9636094167;B
20240219;095932;3424.800000000;1;9636094168;B
20240219;095932;3424.800000000;1;9636094169;B
20240219;095932;3424.800000000;5;9636094170;B
20240219;095932;3424.800000000;1;9636094171;B
20240219;095932;3424.800000000;2;9636094172;S
20240219;095932;3424.800000000;1;9636094173;S
20240219;095932;3424.800000000;1;9636094174;S
20240219;095932;3424.800000000;3;9636094175;S
20240219;095932;3424.800000000;1;9636094176;S
20240219;095932;3424.800000000;1;9636094177;S
20240219;095932;3424.800000000;19;9636094178;B
20240219;095932;3424.800000000;56;9636094179;B
20240219;095932;3424.800000000;3;9636094180;B
20240219;095932;3424.800000000;1;9636094181;B
20240219;095932;3424.800000000;1;9636094182;B
20240219;095932;3424.800000000;1;9636094183;B
20240219;095932;3424.800000000;50;9636094184;B
20240219;095932;3424.800000000;75;9636094185;B
20240219;095932;3424.800000000;2;9636094186;B
20240219;095932;3424.800000000;19;9636094187;B
20240219;095932;3424.800000000;1;9636094188;B
20240219;095932;3424.800000000;1;9636094189;B
20240219;095932;3424.800000000;28;9636094190;B
20240219;095932;3424.800000000;2;9636094191;B
20240219;095932;3424.800000000;12;9636094192;B
20240219;095932;3424.800000000;4;9636094193;B
20240219;095932;3424.800000000;3;9636094194;B
20240219;095932;3424.800000000;1;9636094195;B
20240219;095932;3424.800000000;7;9636094196;B
20240219;095932;3424.800000000;1;9636094197;B
20240219;095932;3424.800000000;1;9636094198;B
20240219;095932;3424.800000000;1;9636094199;B
20240219;095932;3424.800000000;1;9636094200;B
20240219;095932;3424.800000000;1;9636094201;B
20240219;095932;3424.800000000;1;9636094202;B
20240219;095932;3424.800000000;2;9636094203;B
20240219;095932;3424.800000000;2;9636094204;B
20240219;095932;3424.800000000;1;9636094205;B
20240219;095932;3424.800000000;5;9636094206;B
20240219;095932;3424.800000000;1;9636094207;B
20240219;095932;3424.800000000;10;9636094208;B
20240219;095932;3424.800000000;2;9636094209;B
20240219;095932;3424.800000000;1;9636094210;B
20240219;095932;3424.800000000;4;9636094211;B
20240219;095932;3424.800000000;1;9636094212;B
20240219;095932;3424.800000000;4;9636094213;B
20240219;095932;3424.800000000;10;9636094214;B
20240219;095932;3424.800000000;2;9636094215;B
20240219;095932;3424.800000000;11;9636094216;B
20240219;095932;3424.800000000;65;9636094217;B
20240219;095932;3424.800000000;3;9636094218;B
20240219;095932;3424.800000000;2;9636094219;B
20240219;095932;3424.800000000;1;9636094220;B
20240219;095932;3424.800000000;1;9636094221;B
20240219;095932;3424.800000000;5;9636094222;B
20240219;095932;3424.800000000;5;9636094223;B
20240219;095932;3424.800000000;1;9636094224;B
20240219;095932;3424.800000000;3;9636094225;B
20240219;095932;3424.800000000;10;9636094226;B
20240219;095932;3424.800000000;1;9636094227;B
20240219;095932;3424.800000000;2;9636094228;B
20240219;095932;3424.800000000;4;9636094229;B
20240219;095932;3424.800000000;2;9636094230;B
20240219;095932;3424.800000000;2;9636094231;B
20240219;095932;3424.800000000;4;9636094232;B
20240219;095932;3424.800000000;1;9636094233;B
20240219;095932;3424.800000000;5;9636094234;B
20240219;095932;3424.800000000;10;9636094235;B
20240219;095932;3424.800000000;15;9636094236;B
20240219;095932;3424.800000000;20;9636094237;B
20240219;095932;3424.800000000;5;9636094238;B
20240219;095932;3424.800000000;3;9636094239;B
20240219;095932;3424.800000000;3;9636094240;B
20240219;095932;3424.800000000;1;9636094241;B
20240219;095932;3424.800000000;1;9636094242;B
20240219;095932;3424.800000000;4;9636094243;B
20240219;095932;3424.800000000;1;9636094244;B
20240219;095932;3424.800000000;1;9636094245;S
20240219;095932;3424.800000000;566;9636094246;S
20240219;095932;3424.800000000;1;9636094247;S
20240219;095932;3424.800000000;5;9636094248;S
20240219;095932;3424.800000000;4;9636094249;S
20240219;095932;3424.800000000;1;9636094250;S
20240219;095932;3424.800000000;4;9636094251;S
20240219;095932;3424.800000000;5;9636094252;S
20240219;095932;3424.800000000;100;9636094253;S
20240219;095932;3424.800000000;47;9636094254;S
20240219;095932;3424.800000000;3;9636094255;B
20240219;095932;3424.800000000;1;9636094256;B
20240219;095932;3424.800000000;5;9636094257;B
20240219;095932;3424.800000000;12;9636094258;B
20240219;095932;3424.800000000;15;9636094259;B
20240219;095932;3424.800000000;5;9636094260;B
20240219;095932;3424.800000000;10;9636094261;B
20240219;095932;3424.800000000;1;9636094262;S
20240219;095932;3424.800000000;2;9636094263;B
20240219;095932;3424.800000000;2;9636094264;B
20240219;095932;3424.800000000;2;9636094265;B
20240219;095932;3424.800000000;30;9636094266;B
20240219;095932;3424.800000000;2;9636094267;B
20240219;095932;3424.800000000;18;9636094268;S
20240219;095932;3424.800000000;2;9636094269;S
20240219;095932;3424.800000000;43;9636094270;S
20240219;095932;3424.800000000;157;9636094271;S
20240219;095932;3424.800000000;3;9636094272;S
20240219;095932;3424.800000000;10;9636094273;S
20240219;095932;3424.800000000;30;9636094274;B
20240219;095932;3424.800000000;170;9636094275;B
20240219;095932;3424.800000000;1;9636094276;B
20240219;095932;3424.800000000;2;9636094277;B
20240219;095932;3424.800000000;1;9636094278;B
20240219;095932;3424.800000000;2;9636094279;S
20240219;095932;3424.800000000;24;9636094280;S
20240219;095932;3424.800000000;10;9636094281;S
20240219;095932;3424.800000000;3;9636094282;S
20240219;095932;3424.800000000;1;9636094283;S
20240219;095932;3424.800000000;1;9636094284;S
20240219;095932;3424.800000000;30;9636094285;S
20240219;095932;3424.800000000;30;9636094286;S
20240219;095932;3424.800000000;6;9636094287;S
20240219;095932;3424.800000000;9;9636094288;S
20240219;095932;3424.800000000;4;9636094289;S
20240219;095932;3424.800000000;1;9636094290;S
20240219;095932;3424.800000000;1;9636094291;S
20240219;095932;3424.800000000;1;9636094292;S
20240219;095932;3424.800000000;1;9636094293;S
20240219;095932;3424.800000000;6;9636094294;S
20240219;095932;3424.800000000;1;9636094295;S
20240219;095932;3424.800000000;100;9636094296;S
20240219;095932;3424.800000000;100;9636094297;S
20240219;095932;3424.800000000;100;9636094298;S
20240219;095932;3424.800000000;71;9636094299;S
20240219;095932;3424.800000000;29;9636094300;B
20240219;095932;3424.800000000;40;9636094301;S
20240219;095932;3424.800000000;200;9636094302;B
20240219;095932;3424.800000000;80;9636094303;S
20240219;095932;3424.800000000;120;9636094304;B
20240219;095932;3424.800000000;100;9636094305;B
20240219;095932;3424.800000000;40;9636094306;B
20240219;095932;3424.800000000;3;9636094307;B
20240219;095932;3424.800000000;10;9636094308;B
20240219;095932;3424.800000000;1;9636094309;B
20240219;095932;3424.800000000;6;9636094310;S
20240219;095932;3424.800000000;3;9636094311;S
20240219;095932;3424.800000000;100;9636094312;B
20240219;095932;3424.800000000;53;9636094313;B
20240219;100000;3424.800000000;50;9636102677;B
20240219;100000;3424.600000000;50;9636102709;B
20240219;100000;3424.600000000;20;9636102710;B
20240219;100000;3424.600000000;10;9636102711;B
20240219;100000;3424.600000000;10;9636102712;B
20240219;100000;3424.600000000;22;9636102716;B
20240219;100000;3424.600000000;28;9636102717;B
20240219;100000;3424.600000000;20;9636102718;B
20240219;100000;3424.600000000;3;9636102719;B
20240219;100000;3424.800000000;14;9636102720;B
20240219;100000;3425.000000000;8;9636102721;B
20240219;100000;3425.000000000;1;9636102722;B
20240219;100000;3425.000000000;1;9636102723;B
20240219;100000;3425.000000000;10;9636102724;B
20240219;100000;3425.000000000;20;9636102725;B
20240219;100000;3425.000000000;10;9636102729;B
20240219;100000;3425.000000000;20;9636102747;B
20240219;100000;3425.000000000;2;9636102773;B
20240219;100000;3425.000000000;10;9636102774;B
20240219;100000;3425.000000000;8;9636102775;B
20240219;100000;3425.000000000;2;9636102776;B
20240219;100000;3425.000000000;18;9636102777;B
20240219;100000;3425.000000000;2;9636102778;B
20240219;100000;3425.000000000;3;9636102779;B
20240219;100000;3425.000000000;10;9636102780;B
20240219;100000;3425.200000000;5;9636102781;B
20240219;100000;3425.200000000;4;9636102801;B
20240219;100000;3426.000000000;3;9636102866;B
20240219;100000;3426.000000000;3;9636102924;S
20240219;100000;3426.800000000;10;9636102927;B
20240219;100000;3427.000000000;6;9636102961;B
20240219;100000;3427.000000000;10;9636102962;B
20240219;100000;3427.000000000;1;9636102963;B
20240219;100000;3427.000000000;3;9636102964;B
20240219;100000;3427.000000000;10;9636102977;S
20240219;100000;3427.000000000;41;9636102978;S
20240219;100000;3428.000000000;1;9636102995;B
20240219;100000;3428.800000000;20;9636103024;B
20240219;100000;3428.800000000;20;9636103026;B
20240219;100000;3428.800000000;20;9636103030;B
20240219;100000;3428.800000000;10;9636103034;B
20240219;100000;3428.800000000;3;9636103043;S
20240219;100000;3428.800000000;3;9636103044;S
20240219;100000;3428.800000000;16;9636103046;S
20240219;100000;3428.000000000;35;9636103047;S
20240219;100000;3428.000000000;15;9636103054;S
20240219;100000;3428.000000000;36;9636103055;S
20240219;100000;3428.400000000;20;9636103056;B
20240219;100000;3428.400000000;20;9636103057;B
20240219;100000;3428.400000000;20;9636103065;B
20240219;100000;3428.400000000;10;9636103069;B
20240219;100000;3429.000000000;5;9636103119;B
20240219;100000;3429.000000000;12;9636103120;B
20240219;100000;3429.000000000;33;9636103133;S
20240219;100000;3429.000000000;18;9636103137;B
20240219;100000;3429.400000000;2;9636103138;B
20240219;100000;3429.400000000;20;9636103140;B
20240219;100000;3429.000000000;10;9636103169;B
20240219;100000;3429.000000000;40;9636103195;B
20240219;100000;3429.400000000;20;9636103199;B
20240219;100000;3429.400000000;20;9636103214;B
20240219;100000;3429.400000000;8;9636103220;B
20240219;100000;3429.600000000;20;9636103221;B
20240219;100000;3429.400000000;12;9636103229;S
20240219;100000;3429.400000000;39;9636103230;S
20240219;100000;3429.600000000;20;9636103234;B
20240219;100000;3429.600000000;20;9636103240;B
20240219;100000;3429.600000000;9;9636103248;B
20240219;100000;3429.400000000;1;9636103250;S
20240219;100000;3429.000000000;2;9636103251;S
20240219;100000;3429.600000000;40;9636103255;B
20240219;100000;3429.600000000;14;9636103257;B
20240219;100000;3429.600000000;50;9636103260;B
20240219;100000;3429.600000000;20;9636103261;B
20240219;100000;3429.600000000;20;9636103264;B
20240219;100000;3429.400000000;10;9636103288;B
20240219;100000;3429.600000000;286;9636103528;B
20240219;100000;3429.600000000;1;9636103529;B
20240219;100000;3429.600000000;51;9636103530;B
20240219;100000;3430.000000000;1;9636103542;B
20240219;100000;3430.000000000;10;9636103543;B
20240219;100000;3430.000000000;25;9636103544;B
20240219;100000;3430.000000000;1;9636103545;B
20240219;100000;3430.000000000;2;9636103546;B
20240219;100000;3430.000000000;1;9636103547;B
20240219;100000;3430.000000000;34;9636103548;B
20240219;100000;3430.000000000;10;9636103549;B
20240219;100000;3430.000000000;10;9636103550;B
20240219;100000;3430.000000000;25;9636103551;B
20240219;100000;3430.000000000;3;9636103552;B
20240219;100000;3430.000000000;10;9636103553;B
20240219;100000;3430.000000000;3;9636103554;B
20240219;100000;3430.000000000;1;9636103555;B
20240219;100000;3430.800000000;51;9636103563;B
20240219;100000;3431.000000000;1;9636103566;B
20240219;100000;3431.000000000;10;9636103567;B
20240219;100000;3431.000000000;70;9636103568;B
20240219;100000;3431.000000000;30;9636103575;B
20240219;100000;3431.000000000;21;9636103576;B
20240219;100000;3431.200000000;2;9636103579;B
20240219;100000;3431.200000000;4;9636103580;B
20240219;100000;3431.200000000;11;9636103581;B
20240219;100000;3431.200000000;29;9636103587;B
20240219;100000;3431.200000000;22;9636103590;B
20240219;100000;3431.400000000;10;9636103593;B
20240219;100000;3431.400000000;4;9636103594;B
20240219;100000;3431.400000000;70;9636103595;B
20240219;100000;3431.600000000;51;9636103643;B
20240219;100000;3431.600000000;29;9636103644;B
20240219;100000;3431.600000000;41;9636103713;B
20240219;100000;3431.600000000;51;9636103714;B
20240219;100000;3431.600000000;46;9636103718;S
20240219;100000;3431.800000000;9;9636103728;B
20240219;100000;3431.800000000;30;9636103746;B
20240219;100000;3431.800000000;20;9636103757;B
20240219;100000;3431.800000000;4;9636103761;B
20240219;100000;3431.800000000;7;9636103762;B
20240219;100000;3431.800000000;13;9636103763;B
20240219;100000;3431.800000000;20;9636103769;B
20240219;100000;3431.800000000;17;9636103779;B
20240219;100000;3431.800000000;63;9636103780;B
20240219;100000;3432.000000000;27;9636103867;B
20240219;100000;3432.000000000;5;9636103868;B
20240219;100000;3432.000000000;22;9636103869;B
20240219;100000;3432.400000000;80;9636103875;B
20240219;100001;3432.400000000;30;9636103910;B
20240219;100001;3432.600000000;10;9636103921;B
20240219;100001;3432.800000000;10;9636103950;B
20240219;100001;3432.800000000;60;9636103951;B
20240219;100001;3432.800000000;48;9636103954;B
20240219;100001;3432.800000000;70;9636103957;B
20240219;100001;3432.800000000;70;9636103963;B
20240219;100001;3432.800000000;2;9636104062;B
20240219;100001;3432.800000000;11;9636104063;B
20240219;100001;3432.800000000;239;9636104064;B
20240219;100001;3433.000000000;1;9636104075;B
20240219;100001;3433.000000000;2;9636104076;B
20240219;100001;3433.000000000;197;9636104077;B
20240219;100001;3433.000000000;10;9636104078;B
20240219;100001;3433.400000000;20;9636104090;B
20240219;100001;3433.400000000;10;9636104097;B
20240219;100001;3433.400000000;2;9636104098;B
20240219;100001;3433.400000000;56;9636104099;B
20240219;100001;3433.600000000;1;9636104106;B
20240219;100001;3433.600000000;4;9636104107;B
20240219;100001;3433.600000000;2;9636104108;B
20240219;100001;3433.600000000;50;9636104109;B
20240219;100001;3433.800000000;1;9636104113;B
20240219;100001;3433.800000000;3;9636104114;B
20240219;100001;3433.800000000;13;9636104115;B
20240219;100001;3433.800000000;4;9636104116;B
20240219;100001;3433.800000000;17;9636104117;B
20240219;100001;3433.800000000;17;9636104118;B
20240219;100001;3433.800000000;12;9636104119;B
20240219;100001;3433.800000000;2;9636104138;B
20240219;100001;3433.800000000;1;9636104139;B
20240219;100001;3433.800000000;47;9636104140;B
20240219;100001;3433.800000000;50;9636104141;B
20240219;100001;3433.800000000;38;9636104142;B
20240219;100001;3434.000000000;25;9636104147;B
20240219;100001;3434.000000000;70;9636104148;B
20240219;100001;3434.400000000;88;9636104168;B
20240219;100001;3434.400000000;37;9636104169;B
20240219;100001;3434.400000000;30;9636104172;B
20240219;100001;3434.400000000;40;9636104175;B
20240219;100001;3434.400000000;50;9636104176;B
20240219;100001;3434.400000000;10;9636104178;B
20240219;100001;3434.200000000;100;9636104179;S
20240219;100001;3434.200000000;47;9636104180;B
20240219;100001;3434.400000000;23;9636104181;B
20240219;100001;3434.200000000;30;9636104186;B
20240219;100001;3434.000000000;2;9636104187;S
20240219;100001;3434.200000000;20;9636104189;B
20240219;100001;3434.200000000;34;9636104206;B
20240219;100001;3434.400000000;36;9636104207;B
20240219;100001;3434.400000000;14;9636104209;B
20240219;100001;3434.400000000;70;9636104210;B
20240219;100001;3434.400000000;16;9636104211;S
20240219;100001;3434.600000000;5;9636104232;B
20240219;100001;3434.600000000;5;9636104233;B
20240219;100001;3434.600000000;106;9636104236;B
20240219;100001;3434.800000000;4;9636104240;B
20240219;100001;3434.800000000;10;9636104251;B
20240219;100001;3434.400000000;23;9636104252;S
20240219;100001;3434.800000000;16;9636104253;B
20240219;100001;3434.800000000;4;9636104263;S
20240219;100001;3434.800000000;20;9636104264;S
20240219;100001;3434.400000000;46;9636104265;S
20240219;100001;3435.000000000;3;9636104272;B
20240219;100001;3435.000000000;10;9636104273;B
20240219;100001;3435.000000000;27;9636104274;B
20240219;100001;3435.000000000;23;9636104280;B
20240219;100001;3435.000000000;24;9636104281;B
20240219;100001;3435.000000000;3;9636104282;B
20240219;100001;3435.000000000;10;9636104283;B
20240219;100001;3434.800000000;50;9636104299;B
20240219;100001;3434.800000000;16;9636104300;B
20240219;100001;3434.800000000;10;9636104302;B
20240219;100001;3434.600000000;20;9636104306;B
20240219;100001;3434.600000000;30;9636104310;B
20240219;100001;3434.800000000;12;9636104311;B
20240219;100001;3435.000000000;10;9636104312;B
20240219;100001;3435.000000000;3;9636104313;B
20240219;100001;3435.000000000;7;9636104314;B
20240219;100001;3435.000000000;3;9636104317;B
20240219;100001;3435.200000000;2;9636104318;B
20240219;100001;3435.200000000;8;9636104325;B
20240219;100001;3435.200000000;2;9636104326;B
20240219;100001;3435.200000000;70;9636104327;B
20240219;100001;3435.200000000;5;9636104330;S
20240219;100001;3435.200000000;2;9636104339;S
20240219;100001;3435.600000000;3;9636104340;B
20240219;100001;3435.600000000;27;9636104341;B
20240219;100001;3435.200000000;3;9636104345;S
20240219;100001;3435.200000000;1;9636104346;S
20240219;100001;3435.800000000;14;9636104361;B
20240219;100001;3435.600000000;1;9636104362;S
20240219;100001;3435.800000000;4;9636104376;B
20240219;100001;3435.600000000;12;9636104386;B
20240219;100001;3435.800000000;29;9636104387;B
20240219;100001;3435.800000000;21;9636104388;B
20240219;100001;3435.800000000;49;9636104389;B
20240219;100001;3435.800000000;1;9636104394;S
20240219;100001;3435.800000000;50;9636104395;B
20240219;100001;3435.800000000;19;9636104402;B
20240219;100001;3435.800000000;31;9636104404;S
20240219;100001;3435.800000000;39;9636104405;B
20240219;100001;3435.800000000;1;9636104406;S
20240219;100001;3435.800000000;10;9636104408;S
20240219;100001;3435.800000000;50;9636104409;B
20240219;100001;3435.800000000;10;9636104411;B
20240219;100001;3435.800000000;40;9636104416;S
20240219;100001;3435.800000000;50;9636104417;S
20240219;100001;3435.600000000;8;9636104418;S
20240219;100001;3435.600000000;40;9636104419;S
20240219;100001;3435.400000000;12;9636104420;S
20240219;100001;3435.800000000;1;9636104424;S
20240219;100001;3436.000000000;50;9636104435;B
20240219;100001;3435.800000000;9;9636104438;S
20240219;100001;3435.800000000;10;9636104439;S
20240219;100001;3435.800000000;11;9636104440;S
20240219;100001;3436.000000000;1;9636104580;B
20240219;100001;3436.000000000;19;9636104581;B
20240219;100001;3436.000000000;12;9636104589;B
20240219;100001;3436.400000000;1;9636104590;B
20240219;100001;3436.400000000;1;9636104591;B
20240219;100001;3436.400000000;2;9636104592;B
20240219;100001;3436.400000000;14;9636104593;B
20240219;100001;3436.400000000;59;9636104594;B
20240219;100001;3436.200000000;30;9636104598;S
20240219;100001;3436.200000000;38;9636104599;B
20240219;100001;3436.200000000;2;9636104600;B
20240219;100001;3436.200000000;28;9636104601;S
20240219;100001;3436.200000000;42;9636104602;B
20240219;100001;3436.200000000;28;9636104603;S
20240219;100001;3435.800000000;5;9636104674;S
20240219;100001;3436.200000000;42;9636104808;B
20240219;100001;3436.400000000;21;9636104809;B
20240219;100001;3436.400000000;10;9636104810;B
20240219;100001;3436.600000000;61;9636104811;B
20240219;100001;3436.800000000;12;9636104812;B
20240219;100001;3436.400000000;30;9636104817;B
20240219;100001;3436.400000000;40;9636104818;B
20240219;100001;3436.400000000;160;9636104819;B
20240219;100001;3436.400000000;22;9636104820;B
20240219;100001;3436.600000000;76;9636104821;B
20240219;100001;3436.400000000;10;9636104822;B
20240219;100001;3436.400000000;60;9636104823;B
20240219;100001;3436.600000000;12;9636104824;B
20240219;100001;3436.600000000;10;9636104825;B
20240219;100001;3436.800000000;62;9636104826;B
20240219;100001;3436.600000000;94;9636104858;S
20240219;100001;3436.600000000;6;9636104893;S
20240219;100001;3436.400000000;4;9636104894;S
20240219;100001;3436.400000000;1;9636104898;S
20240219;100001;3437.000000000;1;9636104944;B
20240219;100001;3437.000000000;10;9636105023;B
20240219;100001;3437.600000000;1;9636105024;B
20240219;100001;3437.800000000;10;9636105025;B
20240219;100001;3438.000000000;1;9636105026;B
20240219;100001;3438.000000000;1;9636105027;B
20240219;100001;3438.000000000;20;9636105028;B
20240219;100001;3438.000000000;10;9636105029;B
20240219;100001;3438.600000000;4;9636105030;B
20240219;100001;3438.800000000;88;9636105031;B
20240219;100001;3439.000000000;1;9636105032;B
20240219;100001;3439.000000000;70;9636105033;B
20240219;100001;3439.200000000;60;9636105034;B
20240219;100001;3439.400000000;106;9636105035;B
20240219;100001;3439.600000000;1;9636105036;B
20240219;100001;3439.600000000;2;9636105037;B
20240219;100001;3439.800000000;5;9636105038;B
20240219;100001;3439.800000000;10;9636105039;B
20240219;100001;3439.800000000;300;9636105040;B
20240219;100001;3439.600000000;50;9636105043;B
20240219;100001;3436.600000000;1;9636105059;S
20240219;100002;3439.000000000;7;9636105069;B
20240219;100002;3439.000000000;38;9636105075;S
20240219;100002;3439.000000000;38;9636105076;S
20240219;100002;3439.000000000;32;9636105077;S
20240219;100002;3436.200000000;9;9636105111;S
20240219;100002;3435.600000000;1;9636105169;S
20240219;100002;3437.400000000;88;9636105181;B
20240219;100002;3438.000000000;28;9636105182;B
20240219;100002;3439.400000000;88;9636105183;B
20240219;100002;3439.600000000;10;9636105184;B
20240219;100002;3439.800000000;386;9636105185;B
20240219;100002;3436.000000000;2;9636105213;S
20240219;100002;3435.600000000;4;9636105248;S
20240219;100002;3435.600000000;6;9636105249;S
20240219;100002;3434.400000000;183;9636105295;S
20240219;100002;3434.200000000;155;9636105296;S
20240219;100002;3433.200000000;1;9636105351;S
20240219;100002;3433.200000000;4;9636105352;S
20240219;100002;3435.400000000;50;9636105484;B
20240219;100002;3435.000000000;5;9636105495;S
20240219;100002;3433.200000000;1;9636105527;S
20240219;100002;3433.000000000;5;9636105539;S
20240219;100002;3433.000000000;1;9636105572;S
20240219;100002;3433.000000000;10;9636105616;S
20240219;100002;3433.000000000;3;9636105627;S
20240219;100002;3433.000000000;2;9636105660;S
20240219;100002;3433.000000000;10;9636105783;S
20240219;100002;3434.800000000;1;9636105791;B
20240219;100002;3433.000000000;10;9636105799;S
20240219;100002;3434.800000000;49;9636105819;B
20240219;100002;3435.000000000;3;9636105820;B
20240219;100002;3435.000000000;1;9636105821;B
20240219;100002;3435.800000000;29;9636105822;B
20240219;100002;3439.400000000;1;9636105823;B
20240219;100002;3439.400000000;88;9636105824;B
20240219;100002;3439.400000000;160;9636105825;B
20240219;100002;3439.600000000;97;9636105826;B
20240219;100002;3439.800000000;72;9636105827;B
20240219;100002;3439.400000000;5;9636105855;B
20240219;100002;3439.400000000;7;9636105859;B
20240219;100002;3436.400000000;1;9636105876;S
20240219;100002;3436.400000000;1;9636105877;S
20240219;100003;3434.800000000;1;9636105890;S
20240219;100003;3436.200000000;60;9636105916;S
20240219;100003;3436.200000000;1;9636105933;S
20240219;100003;3436.200000000;10;9636105937;S
20240219;100003;3435.000000000;1;9636105964;S
20240219;100003;3435.000000000;19;9636105965;B
20240219;100003;3435.000000000;1;9636105966;S
20240219;100003;3439.400000000;12;9636105994;B
20240219;100003;3439.600000000;86;9636105995;B
20240219;100003;3439.800000000;2;9636105996;B
20240219;100003;3436.200000000;3;9636106006;S
20240219;100003;3436.000000000;10;9636106008;S
20240219;100003;3439.400000000;10;9636106023;B
20240219;100003;3436.400000000;2;9636106026;S
20240219;100003;3436.200000000;10;9636106031;S
20240219;100003;3435.200000000;10;9636106063;S
20240219;100003;3434.800000000;2;9636106233;S
20240219;100003;3435.000000000;2;9636106245;B
20240219;100003;3435.000000000;4;9636106246;B
20240219;100003;3435.000000000;4;9636106247;B
20240219;100003;3437.600000000;5;9636106283;B
20240219;100003;3437.800000000;20;9636106284;B
20240219;100003;3437.800000000;50;9636106385;B
20240219;100003;3437.800000000;1;9636106394;B
20240219;100003;3437.800000000;45;9636106395;B
20240219;100003;3438.000000000;16;9636106396;B
20240219;100003;3438.000000000;84;9636106409;B
20240219;100003;3438.000000000;200;9636106410;B
20240219;100003;3438.000000000;2;9636106411;B
20240219;100003;3438.600000000;200;9636106412;B
20240219;100003;3439.600000000;14;9636106413;B
20240219;100003;3435.600000000;3;9636106441;S
20240219;100003;3436.000000000;5;9636106444;S
20240219;100003;3439.600000000;5;9636106449;B
20240219;100004;3436.200000000;5;9636106476;S
20240219;100004;3437.400000000;3;9636106505;B
20240219;100004;3437.400000000;197;9636106518;B
20240219;100004;3438.800000000;10;9636106519;B
20240219;100004;3439.000000000;6;9636106520;B
20240219;100004;3439.600000000;14;9636106521;B
20240219;100004;3439.600000000;21;9636106522;B
20240219;100004;3439.800000000;72;9636106523;B
20240219;100004;3436.200000000;2;9636106702;S
20240219;100004;3436.200000000;8;9636106732;S
20240219;100004;3436.000000000;13;9636106733;S
20240219;100004;3436.000000000;50;9636106734;S
20240219;100004;3435.400000000;15;9636106735;S
20240219;100004;3435.200000000;59;9636106736;S
20240219;100005;3435.400000000;2;9636107136;S
20240219;100005;3435.400000000;4;9636107139;S
20240219;100005;3435.400000000;2;9636107140;S
20240219;100005;3435.000000000;2;9636107481;S
20240219;100005;3436.600000000;100;9636108083;B
20240219;100005;3437.400000000;4;9636108202;B
20240219;100005;3435.800000000;1;9636108203;S
20240219;100005;3437.400000000;1;9636108208;B
20240219;100005;3437.400000000;1;9636108214;B
20240219;100005;3437.400000000;1;9636108218;B
20240219;100005;3437.400000000;1;9636108222;B
20240219;100006;3437.400000000;40;9636109504;B
20240219;100006;3437.400000000;20;9636109513;B
20240219;100006;3435.800000000;20;9636109694;S
20240219;100006;3435.600000000;1;9636109998;S
20240219;100006;3435.600000000;1;9636110016;S
20240219;100006;3435.800000000;1;9636110018;B
20240219;100006;3435.600000000;2;9636110020;S
20240219;100006;3435.800000000;29;9636110149;B
20240219;100006;3437.400000000;11;9636110150;B
20240219;100006;3435.200000000;10;9636110160;S
20240219;100006;3437.400000000;21;9636110163;B
20240219;100006;3437.400000000;5;9636110164;B
20240219;100006;3437.400000000;95;9636110276;B
20240219;100006;3437.800000000;10;9636110277;B
20240219;100006;3438.000000000;5;9636110278;B
20240219;100006;3438.800000000;10;9636110279;B
20240219;100006;3439.400000000;26;9636110280;B
20240219;100006;3435.000000000;8;9636110281;S
20240219;100006;3434.600000000;2;9636110282;S
20240219;100006;3434.600000000;3;9636110286;S
20240219;100006;3439.400000000;1;9636110288;B
20240219;100006;3439.400000000;10;9636110289;B
20240219;100006;3436.200000000;10;9636110412;S
20240219;100006;3436.200000000;2;9636110423;S
20240219;100006;3436.200000000;7;9636110427;S
20240219;100006;3439.200000000;1;9636110430;B
20240219;100006;3439.200000000;2;9636110439;B
20240219;100006;3439.200000000;1;9636110829;B
20240219;100006;3439.200000000;1;9636110833;B
20240219;100006;3436.200000000;1;9636110838;S
20240219;100006;3436.200000000;12;9636110842;S
20240219;100006;3439.200000000;2;9636110844;B
20240219;100006;3439.200000000;12;9636110846;B
20240219;100006;3439.400000000;13;9636110847;B
20240219;100006;3439.400000000;2;9636110848;B
20240219;100006;3439.400000000;60;9636110849;B
20240219;100006;3436.200000000;1;9636111038;S
20240219;100006;3436.200000000;1;9636111147;S
20240219;100006;3436.200000000;4;9636111149;S
20240219;100006;3436.200000000;2;9636111152;S
20240219;100006;3436.200000000;4;9636111153;S
20240219;100006;3436.200000000;1;9636111154;S
20240219;100006;3436.200000000;1;9636111155;S
20240219;100006;3439.400000000;1;9636111157;B
20240219;100006;3439.400000000;2;9636111240;B
20240219;100006;3439.600000000;1;9636111324;B
20240219;100006;3436.400000000;3;9636111357;S
20240219;100007;3437.400000000;2;9636111765;S
20240219;100007;3437.400000000;1;9636111888;S
20240219;100007;3439.600000000;1;9636111895;B
20240219;100007;3439.600000000;3;9636111905;B
20240219;100007;3439.600000000;10;9636112251;B
20240219;100007;3439.600000000;1;9636112258;B
20240219;100007;3437.400000000;1;9636112269;S
20240219;100007;3439.400000000;10;9636112652;B
20240219;100007;3439.600000000;1;9636113117;B
20240219;100007;3437.400000000;1;9636113118;S
20240219;100007;3437.000000000;22;9636113119;S
20240219;100007;3439.600000000;10;9636113155;B
20240219;100007;3437.000000000;2;9636113230;S
20240219;100007;3437.000000000;2;9636113448;S
20240219;100007;3437.000000000;5;9636113550;S
20240219;100007;3439.600000000;5;9636113559;B
20240219;100007;3439.600000000;1;9636113563;B
20240219;100007;3437.000000000;4;9636113566;S
20240219;100007;3439.600000000;17;9636113569;B
20240219;100007;3439.600000000;4;9636113570;B
20240219;100007;3439.800000000;39;9636113571;B
20240219;100007;3437.000000000;34;9636113574;S
20240219;100007;3437.000000000;4;9636113578;S
20240219;100007;3437.000000000;5;9636113585;S
20240219;100007;3437.000000000;14;9636113594;S
20240219;100007;3439.600000000;1;9636113603;B
20240219;100007;3439.600000000;9;9636113832;B
20240219;100007;3439.800000000;252;9636113833;B
20240219;100007;3437.200000000;3;9636113837;S
20240219;100007;3437.200000000;5;9636113845;S
20240219;100007;3439.800000000;1;9636113846;B
20240219;100007;3439.800000000;595;9636113849;B
20240219;100008;3439.800000000;1;9636113854;B
20240219;100008;3439.800000000;1;9636114074;B
20240219;100008;3437.200000000;2;9636114081;S
20240219;100008;3437.000000000;20;9636114082;S
20240219;100008;3437.600000000;3;9636114694;B
20240219;100008;3437.200000000;2;9636114836;S
20240219;100008;3437.200000000;5;9636114840;S
20240219;100008;3439.800000000;5;9636114989;B
20240219;100008;3437.200000000;1;9636115027;S
20240219;100008;3437.200000000;2;9636115032;S
20240219;100008;3437.000000000;2;9636115033;S
20240219;100008;3437.000000000;2;9636115155;S
20240219;100008;3439.600000000;2;9636115411;B
20240219;100008;3439.800000000;3;9636115412;B
20240219;100008;3437.000000000;5;9636115488;S
20240219;100008;3439.600000000;1;9636115664;B
20240219;100008;3437.000000000;1;9636115669;S
20240219;100008;3439.600000000;1;9636115671;B
20240219;100008;3439.600000000;1;9636115751;B
20240219;100008;3439.600000000;2;9636115782;B
20240219;100008;3439.800000000;3;9636115783;B
20240219;100008;3439.800000000;3;9636115788;B
20240219;100008;3439.800000000;1;9636115913;B
20240219;100008;3437.000000000;5;9636115915;S
20240219;100009;3439.600000000;4;9636116039;B
20240219;100009;3439.800000000;1;9636116040;B
20240219;100009;3438.400000000;50;9636116268;B
20240219;100009;3438.400000000;5;9636116347;B
20240219;100009;3437.000000000;1;9636116414;S
20240219;100009;3438.400000000;5;9636116417;B
20240219;100009;3437.000000000;32;9636116418;S
20240219;100009;3437.000000000;10;9636116419;S
20240219;100009;3436.800000000;22;9636116420;S
20240219;100009;3438.400000000;40;9636116421;B
20240219;100009;3439.600000000;10;9636116422;B
20240219;100009;3439.600000000;84;9636116423;B
20240219;100009;3439.800000000;263;9636116424;B
20240219;100009;3440.000000000;1;9636116425;B
20240219;100009;3440.000000000;3;9636116426;B
20240219;100009;3440.000000000;246;9636116427;B
20240219;100009;3440.000000000;20;9636116438;B
20240219;100009;3440.000000000;10;9636116439;B
20240219;100009;3440.000000000;10;9636116440;B
20240219;100009;3440.000000000;10;9636116441;B
20240219;100009;3440.000000000;10;9636116442;B
20240219;100009;3437.400000000;351;9636116522;S
20240219;100009;3437.400000000;70;9636116523;S
20240219;100009;3437.000000000;127;9636116524;S
20240219;100009;3437.000000000;2;9636116525;S
20240219;100009;3437.200000000;60;9636116529;S
20240219;100009;3437.200000000;2;9636116622;S
20240219;100009;3437.000000000;1;9636116623;S
20240219;100009;3437.000000000;15;9636116624;S
20240219;100009;3437.000000000;10;9636116639;S
20240219;100009;3437.800000000;15;9636116850;S
20240219;100009;3437.200000000;10;9636116851;S
20240219;100009;3437.000000000;9;9636116852;S
20240219;100009;3439.800000000;197;9636116946;B
20240219;100009;3440.000000000;373;9636116947;B
20240219;100009;3439.600000000;10;9636116965;B
20240219;100009;3439.800000000;7;9636116966;B
20240219;100009;3439.800000000;5;9636116985;B
20240219;100009;3437.800000000;27;9636116992;S
20240219;100010;3439.400000000;10;9636117108;B
20240219;100010;3439.800000000;155;9636117109;B
20240219;100010;3439.800000000;2;9636117110;B
20240219;100010;3440.000000000;194;9636117111;B
20240219;100010;3440.000000000;1;9636117112;B
20240219;100010;3440.000000000;1;9636117113;B
20240219;100010;3440.000000000;10;9636117114;B
20240219;100010;3440.000000000;65;9636117115;B
20240219;100010;3440.000000000;10;9636117116;B
20240219;100010;3440.000000000;50;9636117117;B
20240219;100010;3440.000000000;25;9636117118;B
20240219;100010;3440.000000000;22;9636117119;B
20240219;100010;3440.000000000;1;9636117126;B
20240219;100010;3440.000000000;19;9636117150;B
20240219;100010;3440.000000000;14;9636117249;B
20240219;100010;3438.200000000;10;9636117407;B
20240219;100010;3438.000000000;10;9636117481;S
20240219;100010;3439.200000000;3;9636117496;B
20240219;100010;3439.200000000;1;9636117500;B
20240219;100010;3439.200000000;3;9636117699;B
20240219;100010;3439.200000000;1;9636117728;B
20240219;100010;3439.200000000;2;9636117733;B
20240219;100010;3439.800000000;1;9636117734;B
20240219;100010;3438.000000000;10;9636117907;S
20240219;100010;3437.800000000;15;9636117908;S
20240219;100010;3437.600000000;88;9636117909;S
20240219;100010;3437.600000000;70;9636117910;S
20240219;100010;3437.600000000;1;9636117911;S
20240219;100010;3437.200000000;16;9636117912;S
20240219;100010;3439.800000000;89;9636118037;B
20240219;100010;3439.800000000;6;9636118050;S
20240219;100010;3439.800000000;15;9636118051;S
20240219;100010;3440.000000000;29;9636118257;B
20240219;100010;3439.800000000;10;9636118280;S
20240219;100010;3440.000000000;165;9636118327;B
20240219;100010;3440.000000000;60;9636118328;B
20240219;100010;3440.000000000;2;9636118329;B
20240219;100010;3440.000000000;200;9636118330;B
20240219;100010;3440.000000000;14;9636118331;B
20240219;100010;3440.000000000;1;9636118332;B
20240219;100010;3440.000000000;2;9636118333;B
20240219;100010;3440.000000000;3;9636118346;B
20240219;100010;3440.000000000;44;9636118347;B
20240219;100010;3440.800000000;1;9636118348;B
20240219;100010;3439.800000000;1;9636118350;S
20240219;100010;3439.800000000;50;9636118363;S
20240219;100010;3439.800000000;329;9636118485;S
20240219;100010;3439.800000000;29;9636118486;S
20240219;100010;3439.200000000;70;9636118487;S
20240219;100010;3438.800000000;3;9636118488;S
20240219;100010;3438.600000000;69;9636118489;S
20240219;100011;3440.600000000;1;9636118645;B
20240219;100011;3440.800000000;38;9636118785;B
20240219;100011;3440.000000000;1;9636118816;S
20240219;100011;3439.000000000;2;9636118817;S
20240219;100011;3440.800000000;13;9636118824;B
20240219;100011;3440.600000000;10;9636118871;B
20240219;100011;3440.800000000;5;9636118872;B
20240219;100011;3440.400000000;6;9636118901;S
20240219;100011;3440.800000000;1;9636118930;B
20240219;100011;3440.800000000;1;9636118987;B
20240219;100011;3440.800000000;1;9636119071;B
20240219;100011;3440.800000000;40;9636119329;B
20240219;100011;3441.000000000;1;9636119330;B
20240219;100011;3441.000000000;2;9636119331;B
20240219;100011;3441.000000000;17;9636119332;B
20240219;100011;3441.000000000;50;9636119333;B
20240219;100011;3441.400000000;6;9636119410;B
20240219;100011;3441.400000000;4;9636119411;B
20240219;100011;3442.000000000;1;9636119412;B
20240219;100011;3440.800000000;1;9636119422;S
20240219;100012;3442.800000000;1;9636119582;B
20240219;100012;3441.200000000;3;9636119630;S
20240219;100012;3442.800000000;4;9636119646;B
20240219;100012;3442.800000000;2;9636119647;B
20240219;100012;3443.000000000;1;9636119648;B
20240219;100012;3443.000000000;97;9636119649;B
20240219;100012;3443.600000000;2;9636119650;B
20240219;100012;3443.800000000;44;9636119651;B
20240219;100012;3441.200000000;47;9636119678;S
20240219;100012;3441.000000000;10;9636119679;S
20240219;100012;3441.000000000;264;9636119680;S
20240219;100012;3441.000000000;52;9636119681;B
20240219;100012;3441.800000000;1;9636119848;S
20240219;100012;3442.000000000;1;9636119853;B
20240219;100012;3442.000000000;9;9636119854;B
20240219;100012;3441.800000000;5;9636119879;S
20240219;100012;3442.000000000;1;9636119888;B
20240219;100012;3443.600000000;14;9636119889;B
20240219;100012;3443.800000000;1;9636119902;B
20240219;100012;3443.200000000;20;9636119904;S
20240219;100012;3443.200000000;30;9636119924;S
20240219;100012;3443.000000000;24;9636119925;S
20240219;100012;3441.600000000;3;9636119926;S
20240219;100013;3441.800000000;3;9636119937;S
20240219;100013;3443.400000000;5;9636120003;S
20240219;100013;3443.600000000;13;9636120097;B
20240219;100013;3443.800000000;238;9636120098;B
20240219;100013;3443.800000000;1;9636120099;B
20240219;100013;3443.800000000;5;9636120100;B
20240219;100013;3444.000000000;205;9636120182;B
20240219;100013;3444.000000000;5;9636120196;B
20240219;100013;3444.000000000;58;9636120215;B
20240219;100013;3443.800000000;27;9636120222;S
20240219;100013;3443.800000000;14;9636120281;S
20240219;100013;3444.000000000;17;9636120306;B
20240219;100013;3444.000000000;10;9636120307;B
20240219;100013;3444.000000000;23;9636120308;B
20240219;100013;3444.000000000;306;9636120316;B
20240219;100014;3443.800000000;10;9636120356;S
20240219;100014;3443.800000000;50;9636120423;S
20240219;100014;3444.000000000;5;9636120455;B
20240219;100014;3444.000000000;10;9636120458;B
20240219;100014;3444.000000000;32;9636120614;B
20240219;100015;3444.000000000;200;9636120724;B
20240219;100015;3443.800000000;10;9636120726;S
20240219;100015;3443.800000000;10;9636120747;S
20240219;100015;3443.800000000;3;9636120857;S
20240219;100016;3444.000000000;10;9636120887;B
20240219;100016;3443.800000000;3;9636120910;S
20240219;100016;3443.800000000;10;9636120916;S
20240219;100016;3443.800000000;1;9636120956;S
20240219;100016;3443.800000000;5;9636120978;S
20240219;100016;3443.800000000;1;9636120979;S
20240219;100016;3443.800000000;1;9636120980;S
20240219;100016;3443.800000000;1;9636120981;S
20240219;100016;3443.800000000;1;9636120982;S
20240219;100016;3443.800000000;1;9636120983;S
20240219;100016;3444.000000000;3;9636121084;B
20240219;100016;3443.800000000;1;9636121155;S
20240219;100017;3443.800000000;8;9636121202;S
20240219;100017;3443.800000000;50;9636121203;S
20240219;100017;3443.000000000;2;9636121204;S
20240219;100017;3442.800000000;50;9636121389;S
20240219;100017;3442.600000000;15;9636121390;S
20240219;100017;3441.600000000;70;9636121391;S
20240219;100017;3441.400000000;5;9636121392;S
20240219;100017;3441.200000000;25;9636121393;S
20240219;100017;3441.200000000;30;9636121394;S
20240219;100017;3441.000000000;70;9636121395;S
20240219;100017;3441.000000000;135;9636121396;B
20240219;100017;3443.600000000;20;9636121397;B
20240219;100018;3443.800000000;10;9636121452;B
20240219;100018;3443.800000000;15;9636121453;B
20240219;100018;3441.000000000;4;9636121484;S
20240219;100018;3441.000000000;50;9636121494;B
20240219;100018;3441.000000000;200;9636121495;B
20240219;100018;3440.600000000;50;9636121527;B
20240219;100018;3440.600000000;200;9636121528;B
20240219;100018;3440.200000000;10;9636121547;S
20240219;100018;3440.200000000;5;9636121560;S
20240219;100018;3442.800000000;2;9636121566;B
20240219;100018;3443.000000000;1;9636121567;B
20240219;100018;3443.200000000;35;9636121568;B
20240219;100018;3443.200000000;56;9636121569;B
20240219;100018;3442.800000000;2;9636121586;B
20240219;100018;3443.400000000;30;9636121587;B
20240219;100018;3443.600000000;5;9636121588;B
20240219;100018;3443.600000000;2;9636121589;B
20240219;100018;3443.600000000;10;9636121590;B
20240219;100018;3443.800000000;5;9636121591;B
20240219;100018;3443.800000000;148;9636121592;B
20240219;100018;3444.000000000;26;9636121593;B
20240219;100018;3443.000000000;1;9636121629;B
20240219;100018;3443.000000000;4;9636121633;B
20240219;100018;3443.000000000;5;9636121634;B
20240219;100018;3443.800000000;2;9636121635;B
20240219;100018;3443.800000000;2;9636121636;B
20240219;100018;3443.800000000;2;9636121637;B
20240219;100018;3443.800000000;50;9636121638;B
20240219;100018;3444.000000000;33;9636121639;B
20240219;100018;3442.000000000;73;9636121649;S
20240219;100018;3444.000000000;1;9636121651;B
20240219;100018;3442.200000000;46;9636121668;S
20240219;100018;3442.800000000;1;9636121672;B
20240219;100018;3441.400000000;5;9636121673;S
20240219;100018;3441.400000000;1;9636121684;S
20240219;100019;3441.600000000;16;9636121722;S
20240219;100019;3441.400000000;50;9636121723;S
20240219;100019;3441.400000000;17;9636121724;S
20240219;100019;3442.800000000;1;9636121729;B
20240219;100019;3442.800000000;20;9636121762;B
20240219;100019;3442.600000000;5;9636121824;B
20240219;100019;3442.800000000;2;9636121825;B
20240219;100019;3443.800000000;1;9636121826;B
20240219;100019;3444.000000000;42;9636121827;B
20240219;100019;3443.600000000;10;9636121844;B
20240219;100019;3443.800000000;24;9636121845;B
20240219;100019;3441.800000000;5;9636121853;S
20240219;100019;3441.600000000;10;9636121854;S
20240219;100019;3441.400000000;50;9636121855;S
20240219;100019;3441.200000000;52;9636121856;S
20240219;100020;3441.600000000;9;9636121939;S
20240219;100020;3442.000000000;3;9636121958;S
20240219;100020;3441.600000000;70;9636121959;S
20240219;100020;3441.000000000;27;9636121960;S
20240219;100020;3440.800000000;1;9636122061;S
20240219;100020;3440.800000000;1;9636122093;S
20240219;100020;3441.200000000;1;9636122123;S
20240219;100020;3441.200000000;5;9636122147;S
20240219;100021;3441.200000000;1;9636122253;S
20240219;100021;3440.600000000;50;9636122260;S
20240219;100021;3441.200000000;1;9636122281;B
20240219;100021;3440.600000000;3;9636122293;S
20240219;100022;3440.800000000;14;9636122564;S
20240219;100022;3441.000000000;2;9636122588;B
20240219;100022;3441.000000000;1;9636122656;B
20240219;100022;3440.800000000;50;9636122688;S
20240219;100022;3440.600000000;7;9636122689;S
20240219;100022;3440.400000000;5;9636122690;S
20240219;100022;3440.400000000;5;9636122691;S
20240219;100022;3440.200000000;20;9636122692;S
20240219;100022;3440.000000000;60;9636122693;S
20240219;100022;3440.000000000;153;9636122694;S
20240219;100022;3441.000000000;7;9636122697;B
20240219;100022;3441.000000000;1;9636122698;B
20240219;100023;3440.200000000;3;9636122748;S
20240219;100023;3440.200000000;5;9636122863;S
20240219;100023;3441.000000000;99;9636122864;B
20240219;100023;3441.200000000;1;9636122865;B
20240219;100023;3440.400000000;100;9636122951;B
20240219;100023;3441.200000000;4;9636122962;B
20240219;100023;3441.200000000;14;9636122972;B
20240219;100023;3442.200000000;5;9636122973;B
20240219;100023;3442.200000000;5;9636122974;B
20240219;100023;3442.600000000;1;9636122975;B
20240219;100023;3442.600000000;4;9636122985;B
20240219;100023;3442.800000000;1;9636122986;B
20240219;100023;3442.800000000;5;9636122987;B
20240219;100023;3443.000000000;3;9636122988;B
20240219;100023;3443.000000000;17;9636122989;B
20240219;100023;3443.000000000;20;9636122990;B
20240219;100023;3440.200000000;1;9636123026;S
20240219;100023;3441.000000000;5;9636123045;B
20240219;100023;3442.800000000;4;9636123046;B
20240219;100023;3443.000000000;92;9636123047;B
20240219;100023;3443.200000000;3;9636123048;B
20240219;100023;3443.200000000;5;9636123049;B
20240219;100023;3443.200000000;70;9636123050;B
20240219;100023;3443.400000000;10;9636123051;B
20240219;100023;3443.600000000;5;9636123052;B
20240219;100023;3443.800000000;6;9636123053;B
20240219;100024;3441.800000000;30;9636123106;S
20240219;100024;3442.000000000;50;9636123141;S
20240219;100024;3441.600000000;92;9636123154;S
20240219;100024;3441.400000000;70;9636123155;S
20240219;100024;3441.200000000;69;9636123156;S
20240219;100024;3441.000000000;50;9636123157;S
20240219;100024;3440.400000000;70;9636123158;S
20240219;100024;3440.200000000;2;9636123159;S
20240219;100024;3440.200000000;130;9636123160;S
20240219;100024;3440.200000000;30;9636123161;S
20240219;100024;3440.000000000;47;9636123162;S
20240219;100024;3440.000000000;3;9636123163;S
20240219;100024;3440.000000000;37;9636123164;S
20240219;100024;3443.400000000;1;9636123215;B
20240219;100024;3441.000000000;1;9636123310;B
20240219;100024;3440.200000000;5;9636123333;S
20240219;100024;3440.000000000;3;9636123334;S
20240219;100024;3440.000000000;3;9636123366;S
20240219;100024;3440.000000000;1;9636123367;S
20240219;100024;3441.000000000;9;9636123409;B
20240219;100024;3441.000000000;1;9636123410;B
20240219;100024;3441.000000000;21;9636123469;B
20240219;100024;3442.000000000;20;9636123470;B
20240219;100024;3442.200000000;128;9636123471;B
20240219;100024;3442.400000000;95;9636123472;B
20240219;100025;3442.600000000;16;9636123507;B
20240219;100025;3443.200000000;44;9636123523;B
20240219;100025;3440.800000000;19;9636123527;S
20240219;100025;3440.600000000;70;9636123528;S
20240219;100025;3440.400000000;11;9636123529;S
20240219;100025;3441.000000000;10;9636123560;B
20240219;100025;3440.400000000;50;9636123572;S
20240219;100025;3441.000000000;50;9636123613;B
20240219;100025;3441.600000000;5;9636123614;B
20240219;100025;3442.000000000;20;9636123615;B
20240219;100025;3442.000000000;5;9636123616;B
20240219;100025;3442.200000000;5;9636123617;B
20240219;100025;3443.000000000;15;9636123618;B
20240219;100026;3440.800000000;1;9636123801;S
20240219;100026;3440.800000000;2;9636123802;S
20240219;100026;3442.200000000;3;9636123815;B
20240219;100026;3442.200000000;43;9636123817;B
20240219;100026;3442.200000000;2;9636124024;B
20240219;100027;3442.000000000;1;9636124070;S
20240219;100027;3441.800000000;5;9636124071;S
20240219;100027;3441.600000000;2;9636124072;S
20240219;100027;3441.000000000;20;9636124075;S
20240219;100027;3440.600000000;50;9636124076;S
20240219;100027;3440.200000000;5;9636124077;S
20240219;100027;3440.000000000;46;9636124078;S
20240219;100027;3439.600000000;70;9636124079;S
20240219;100027;3439.400000000;1;9636124080;S
20240219;100027;3439.200000000;120;9636124081;S
20240219;100027;3439.000000000;10;9636124082;S
20240219;100027;3439.000000000;70;9636124083;S
20240219;100027;3438.800000000;16;9636124084;S
20240219;100027;3438.800000000;92;9636124085;S
20240219;100027;3439.200000000;20;9636124107;S
20240219;100027;3438.800000000;70;9636124133;S
20240219;100027;3438.800000000;30;9636124134;S
20240219;100027;3438.800000000;20;9636124203;S
20240219;100027;3438.600000000;10;9636124204;S
20240219;100027;3438.400000000;3;9636124205;S
20240219;100027;3438.200000000;176;9636124206;S
20240219;100027;3438.200000000;70;9636124207;S
20240219;100027;3438.000000000;5;9636124208;S
20240219;100027;3438.000000000;16;9636124209;S
20240219;100027;3438.000000000;1;9636124314;S
20240219;100027;3440.600000000;18;9636124316;B
20240219;100028;3440.600000000;8;9636124400;B
20240219;100028;3440.800000000;138;9636124422;B
20240219;100028;3440.800000000;2;9636124463;B
20240219;100028;3440.400000000;5;9636124488;B
20240219;100028;3438.000000000;4;9636124532;S
20240219;100028;3440.800000000;27;9636124571;B
20240219;100028;3438.000000000;45;9636124629;S
20240219;100028;3437.800000000;9;9636124630;S
20240219;100028;3437.800000000;78;9636124631;S
20240219;100028;3437.600000000;5;9636124632;S
20240219;100028;3437.600000000;20;9636124633;S
20240219;100028;3437.200000000;48;9636124634;S
20240219;100028;3439.200000000;39;9636124639;B
20240219;100028;3439.200000000;125;9636124696;B
20240219;100028;3440.800000000;70;9636124697;B
20240219;100028;3441.000000000;5;9636124698;B
20240219;100028;3441.400000000;150;9636124699;B
20240219;100028;3441.600000000;50;9636124700;B
20240219;100029;3439.400000000;10;9636124707;S
20240219;100029;3439.600000000;5;9636124775;S
20240219;100029;3439.600000000;50;9636124785;S
20240219;100029;3438.800000000;10;9636124815;S
20240219;100029;3438.800000000;5;9636124869;S
20240219;100029;3438.800000000;5;9636124893;S
20240219;100029;3438.600000000;5;9636124894;S
20240219;100029;3438.800000000;2;9636124904;S
20240219;100029;3440.000000000;4;9636124935;B
20240219;100030;3438.600000000;20;9636125059;S
20240219;100030;3440.000000000;1;9636125100;B
20240219;100030;3440.000000000;5;9636125102;B
20240219;100030;3440.000000000;15;9636125103;B
20240219;100030;3439.000000000;1;9636125152;S
20240219;100030;3440.000000000;2;9636125164;B
20240219;100030;3439.000000000;15;9636125183;S
20240219;100030;3440.000000000;6;9636125204;B
20240219;100030;3440.000000000;30;9636125205;B
20240219;100031;3440.400000000;50;9636125242;B
20240219;100031;3440.600000000;5;9636125243;B
20240219;100031;3440.600000000;22;9636125244;B
20240219;100031;3441.200000000;5;9636125245;B
20240219;100031;3441.400000000;5;9636125246;B
20240219;100031;3442.200000000;101;9636125247;B
20240219;100031;3442.400000000;20;9636125248;B
20240219;100031;3442.400000000;30;9636125249;B
20240219;100031;3442.800000000;22;9636125250;B
20240219;100031;3442.800000000;40;9636125251;B
20240219;100031;3442.800000000;20;9636125353;B
20240219;100031;3443.000000000;28;9636125354;B
20240219;100031;3440.800000000;46;9636125417;S
20240219;100031;3440.600000000;70;9636125418;S
20240219;100031;3440.400000000;47;9636125419;S
20240219;100031;3440.200000000;70;9636125420;S
20240219;100031;3440.000000000;167;9636125421;S
20240219;100031;3440.000000000;5;9636125432;S
20240219;100031;3440.000000000;236;9636125473;S
20240219;100031;3440.000000000;12;9636125476;S
20240219;100031;3441.600000000;5;9636125503;B
20240219;100031;3441.600000000;44;9636125504;B
20240219;100031;3441.600000000;2;9636125526;B
20240219;100031;3441.200000000;10;9636125539;S
20240219;100031;3441.200000000;10;9636125540;S
20240219;100031;3441.200000000;100;9636125606;S
20240219;100031;3440.200000000;120;9636125607;S
20240219;100031;3440.200000000;21;9636125608;S
20240219;100031;3440.400000000;8;9636125612;S
20240219;100032;3441.200000000;3;9636125745;S
20240219;100032;3441.200000000;2;9636125757;S
20240219;100032;3440.600000000;5;9636125758;S
20240219;100032;3440.400000000;10;9636125759;S
20240219;100032;3440.400000000;3;9636125760;S
20240219;100032;3441.400000000;5;9636125778;B
20240219;100032;3441.400000000;2;9636125792;B
20240219;100032;3441.400000000;2;9636125794;S
20240219;100032;3440.800000000;1;9636125795;S
20240219;100032;3442.400000000;50;9636125829;B
20240219;100032;3442.600000000;25;9636125830;B
20240219;100032;3442.600000000;15;9636125831;B
20240219;100033;3441.000000000;5;9636125878;S
20240219;100033;3442.600000000;4;9636125956;B
20240219;100033;3441.600000000;5;9636126031;S
20240219;100033;3441.200000000;10;9636126033;S
20240219;100033;3441.000000000;5;9636126034;S
20240219;100033;3440.800000000;74;9636126035;S
20240219;100033;3440.800000000;5;9636126036;S
20240219;100033;3440.400000000;7;9636126037;S
20240219;100033;3440.200000000;49;9636126038;S
20240219;100034;3442.200000000;5;9636126113;S
20240219;100034;3440.000000000;25;9636126152;S
20240219;100034;3440.000000000;500;9636126317;S
20240219;100034;3440.000000000;200;9636126324;S
20240219;100034;3441.600000000;243;9636126392;B
20240219;100034;3441.600000000;70;9636126393;B
20240219;100034;3442.000000000;133;9636126394;B
20240219;100034;3442.200000000;254;9636126395;B
20240219;100034;3440.000000000;12;9636126396;S
20240219;100034;3440.200000000;1;9636126439;S
20240219;100034;3440.200000000;112;9636126447;S
20240219;100034;3440.000000000;138;9636126448;S
20240219;100035;3442.000000000;4;9636126458;B
20240219;100035;3440.800000000;5;9636126465;S
20240219;100035;3440.200000000;84;9636126466;S
20240219;100035;3440.200000000;50;9636126493;B
20240219;100035;3440.000000000;100;9636126508;S
20240219;100035;3440.000000000;50;9636126509;S
20240219;100035;3440.200000000;1;9636126512;B
20240219;100035;3440.200000000;180;9636126546;B
20240219;100035;3441.600000000;70;9636126547;B
20240219;100035;3442.000000000;13;9636126548;B
20240219;100035;3442.200000000;41;9636126549;B
20240219;100035;3442.400000000;50;9636126550;B
20240219;100035;3442.600000000;1;9636126551;B
20240219;100035;3442.600000000;70;9636126552;B
20240219;100035;3442.600000000;25;9636126553;B
20240219;100035;3440.200000000;75;9636126632;S
20240219;100035;3440.000000000;39;9636126653;S
20240219;100035;3440.000000000;11;9636126654;S
20240219;100035;3440.000000000;12;9636126662;S
20240219;100035;3440.000000000;8;9636126663;S
20240219;100036;3440.000000000;342;9636126772;S
20240219;100036;3440.000000000;8;9636126773;S
20240219;100036;3440.000000000;1;9636126812;S
20240219;100036;3440.400000000;30;9636126841;B
20240219;100036;3440.800000000;5;9636126856;S
20240219;100036;3440.800000000;5;9636126883;S
20240219;100036;3440.800000000;90;9636126899;S
20240219;100036;3440.000000000;60;9636126900;S
20240219;100036;3440.000000000;21;9636126901;S
20240219;100036;3440.000000000;19;9636126902;S
20240219;100036;3440.000000000;1;9636126936;S
20240219;100036;3440.000000000;50;9636126937;S
20240219;100036;3439.000000000;10;9636126947;S
20240219;100037;3440.000000000;1;9636126995;B
20240219;100037;3439.800000000;2;9636127080;B
20240219;100037;3439.800000000;3;9636127099;B
20240219;100037;3439.800000000;4;9636127100;B
20240219;100037;3440.000000000;18;9636127101;B
20240219;100037;3439.800000000;5;9636127119;B
20240219;100037;3440.000000000;95;9636127120;B
20240219;100037;3440.000000000;1;9636127131;B
20240219;100037;3440.000000000;69;9636127168;B
20240219;100037;3438.200000000;5;9636127193;S
20240219;100037;3438.200000000;45;9636127202;S
20240219;100037;3438.000000000;1;9636127203;S
20240219;100037;3438.000000000;4;9636127204;S
20240219;100038;3438.200000000;4;9636127300;S
20240219;100038;3438.200000000;25;9636127373;S
20240219;100038;3438.200000000;21;9636127380;S
20240219;100038;3438.000000000;159;9636127381;S
20240219;100038;3437.600000000;30;9636127382;S
20240219;100038;3437.600000000;1;9636127383;S
20240219;100038;3437.600000000;39;9636127384;S
20240219;100038;3440.000000000;11;9636127398;B
20240219;100038;3440.000000000;22;9636127399;B
20240219;100038;3440.000000000;1;9636127458;B
20240219;100039;3438.800000000;5;9636127644;B
20240219;100039;3439.000000000;10;9636127645;B
20240219;100039;3440.000000000;109;9636127646;B
20240219;100039;3437.600000000;1;9636127648;S
20240219;100039;3437.600000000;1;9636127739;S
20240219;100039;3438.800000000;5;9636127811;B
20240219;100039;3440.000000000;10;9636127812;S
20240219;100039;3440.000000000;10;9636127816;S
20240219;100039;3440.200000000;12;9636127880;B
20240219;100039;3440.000000000;3;9636127971;S
20240219;100039;3438.200000000;2;9636127972;S
20240219;100039;3438.200000000;3;9636128047;S
20240219;100039;3438.200000000;1;9636128048;S
20240219;100040;3440.000000000;30;9636128086;B
20240219;100040;3440.000000000;3;9636128087;B
20240219;100040;3440.000000000;7;9636128092;S
20240219;100040;3440.000000000;3;9636128093;S
20240219;100040;3440.000000000;7;9636128094;S
20240219;100040;3438.200000000;3;9636128096;S
20240219;100040;3438.000000000;10;9636128097;S
20240219;100040;3438.000000000;20;9636128098;S
20240219;100040;3437.800000000;10;9636128099;S
20240219;100040;3437.600000000;15;9636128193;S
20240219;100040;3438.000000000;24;9636128232;B
20240219;100040;3437.600000000;10;9636128258;S
20240219;100040;3438.000000000;6;9636128271;B
20240219;100040;3440.000000000;45;9636128272;B
20240219;100040;3437.600000000;25;9636128323;S
20240219;100040;3437.600000000;4;9636128324;S
20240219;100040;3437.400000000;1;9636128325;S
20240219;100040;3437.400000000;1;9636128326;S
20240219;100040;3437.400000000;20;9636128327;S
20240219;100040;3437.400000000;43;9636128328;S
20240219;100041;3437.600000000;142;9636128329;S
20240219;100041;3437.400000000;5;9636128330;S
20240219;100041;3437.400000000;5;9636128350;S
20240219;100041;3437.400000000;20;9636128370;S
20240219;100041;3439.800000000;16;9636128400;B
20240219;100041;3439.800000000;3;9636128418;B
20240219;100041;3437.600000000;10;9636128423;S
20240219;100041;3437.400000000;69;9636128424;S
20240219;100041;3437.200000000;40;9636128425;S
20240219;100041;3437.200000000;80;9636128437;S
20240219;100041;3437.200000000;1;9636128463;S
20240219;100042;3437.800000000;1;9636128560;B
20240219;100042;3438.000000000;22;9636128561;B
20240219;100042;3438.200000000;12;9636128562;B
20240219;100042;3437.200000000;30;9636128564;S
20240219;100042;3437.200000000;32;9636128565;S
20240219;100042;3437.200000000;50;9636128596;S
20240219;100042;3437.200000000;7;9636128624;S
20240219;100042;3437.200000000;128;9636128660;S
20240219;100042;3438.200000000;1;9636128690;B
20240219;100042;3437.200000000;9;9636128718;S
20240219;100042;3437.200000000;5;9636128837;S
20240219;100042;3437.200000000;3;9636128873;S
20240219;100042;3437.400000000;1;9636128910;B
20240219;100042;3437.600000000;3;9636128911;B
20240219;100042;3437.200000000;3;9636128913;S
20240219;100042;3437.200000000;5;9636128926;S
20240219;100042;3437.200000000;6;9636128935;S
20240219;100042;3437.200000000;40;9636128936;S
20240219;100042;3437.200000000;100;9636128937;S
20240219;100043;3437.600000000;20;9636128943;B
20240219;100043;3437.200000000;50;9636128976;S
20240219;100043;3437.600000000;1;9636129002;B
20240219;100043;3437.600000000;1;9636129005;B
20240219;100043;3437.600000000;1;9636129013;B
20240219;100043;3437.200000000;50;9636129028;S
20240219;100043;3437.200000000;500;9636129043;S
20240219;100043;3437.400000000;10;9636129118;S
20240219;100043;3437.400000000;10;9636129120;S
20240219;100044;3437.400000000;30;9636129218;S
20240219;100044;3437.200000000;20;9636129219;S
20240219;100044;3437.200000000;50;9636129224;S
20240219;100044;3437.200000000;25;9636129229;S
20240219;100044;3437.200000000;159;9636129256;S
20240219;100044;3437.600000000;1;9636129318;B
20240219;100044;3437.200000000;1;9636129343;S
20240219;100044;3437.200000000;5;9636129361;S
20240219;100044;3437.200000000;19;9636129372;S
20240219;100045;3437.200000000;6;9636129492;S
20240219;100045;3437.400000000;10;9636129513;B
20240219;100045;3437.400000000;1;9636129514;B
20240219;100045;3437.600000000;8;9636129515;B
20240219;100045;3438.200000000;31;9636129516;B
20240219;100045;3437.200000000;3;9636129543;S
20240219;100045;3438.200000000;1;9636129560;B
20240219;100045;3437.200000000;5;9636129589;S
20240219;100045;3437.200000000;2;9636129594;S
20240219;100045;3437.200000000;1500;9636129619;S
20240219;100046;3437.200000000;3;9636129660;S
20240219;100046;3437.600000000;1;9636129682;B
20240219;100046;3437.200000000;5;9636129820;S
20240219;100046;3437.200000000;5;9636129832;S
20240219;100046;3438.200000000;1;9636129840;B
20240219;100046;3437.200000000;75;9636129849;S
20240219;100046;3437.400000000;1;9636129871;B
20240219;100046;3438.200000000;24;9636129872;B
20240219;100046;3438.800000000;75;9636129873;B
20240219;100046;3437.200000000;7;9636129932;S
20240219;100047;3437.400000000;1;9636129933;S
20240219;100047;3437.400000000;4;9636130023;S
20240219;100047;3437.200000000;496;9636130024;S
20240219;100047;3437.200000000;50;9636130037;S
20240219;100047;3437.200000000;1000;9636130064;S
20240219;100047;3437.200000000;14;9636130065;S
20240219;100047;3437.200000000;50;9636130066;S
20240219;100047;3437.200000000;9;9636130067;S
20240219;100047;3437.400000000;1;9636130137;S
20240219;100047;3437.400000000;2;9636130139;S
20240219;100047;3437.200000000;18;9636130140;S
20240219;100047;3437.200000000;27;9636130141;S
20240219;100047;3437.200000000;38;9636130142;S
20240219;100047;3437.200000000;2;9636130163;S
20240219;100047;3437.400000000;18;9636130165;B
20240219;100047;3437.200000000;100;9636130167;S
20240219;100047;3437.200000000;500;9636130168;S
20240219;100047;3437.200000000;5;9636130181;S
20240219;100047;3437.200000000;2;9636130197;S
20240219;100047;3437.200000000;100;9636130213;S
20240219;100048;3437.400000000;1;9636130223;B
20240219;100048;3437.200000000;5;9636130224;S
20240219;100048;3437.200000000;25;9636130231;S
20240219;100048;3437.200000000;100;9636130255;S
20240219;100048;3437.200000000;24;9636130280;S
20240219;100048;3437.400000000;2;9636130285;B
20240219;100048;3437.200000000;20;9636130290;S
20240219;100048;3437.200000000;5;9636130291;S
20240219;100048;3437.200000000;60;9636130297;S
20240219;100048;3437.200000000;70;9636130298;S
20240219;100048;3437.200000000;5;9636130301;S
20240219;100048;3437.200000000;5;9636130322;S
20240219;100048;3437.200000000;9;9636130337;S
20240219;100048;3437.200000000;5;9636130353;S
20240219;100048;3437.200000000;5;9636130356;S
20240219;100048;3437.200000000;5;9636130358;S
20240219;100048;3437.200000000;5;9636130366;S
20240219;100048;3437.200000000;500;9636130373;S
20240219;100048;3437.200000000;271;9636130374;S
20240219;100048;3437.200000000;70;9636130375;S
20240219;100048;3437.200000000;323;9636130376;S
20240219;100048;3437.000000000;10;9636130378;S
20240219;100048;3437.000000000;3;9636130379;S
20240219;100048;3436.400000000;2;9636130380;S
20240219;100048;3436.200000000;10;9636130395;S
20240219;100048;3436.200000000;10;9636130396;S
20240219;100048;3436.200000000;1;9636130400;S
20240219;100048;3436.200000000;1;9636130406;S
20240219;100048;3436.200000000;5;9636130422;S
20240219;100048;3436.200000000;12;9636130427;S
20240219;100048;3436.200000000;61;9636130454;S
20240219;100048;3436.200000000;5;9636130455;S
20240219;100048;3435.600000000;5;9636130456;S
20240219;100048;3435.000000000;10;9636130457;S
20240219;100048;3435.000000000;1;9636130465;S
20240219;100048;3435.200000000;20;9636130472;B
20240219;100049;3435.200000000;50;9636130483;B
20240219;100049;3435.200000000;50;9636130484;B
20240219;100049;3435.200000000;30;9636130485;B
20240219;100049;3435.200000000;5;9636130486;B
20240219;100049;3435.400000000;70;9636130487;B
20240219;100049;3436.200000000;70;9636130488;B
20240219;100049;3436.400000000;104;9636130489;B
20240219;100049;3436.200000000;10;9636130499;B
20240219;100049;3435.000000000;2;9636130503;S
20240219;100049;3435.000000000;1;9636130552;S
20240219;100049;3435.000000000;45;9636130555;S
20240219;100049;3435.000000000;100;9636130582;S
20240219;100049;3435.000000000;5;9636130599;S
20240219;100049;3435.000000000;1;9636130620;S
20240219;100049;3435.000000000;5;9636130680;S
20240219;100049;3435.200000000;10;9636130711;B
20240219;100049;3435.200000000;10;9636130712;B
20240219;100050;3435.000000000;30;9636130847;S
20240219;100050;3435.000000000;10;9636130848;S
20240219;100050;3434.400000000;5;9636130849;S
20240219;100050;3434.400000000;5;9636130850;S
20240219;100050;3434.000000000;20;9636130851;S
20240219;100050;3433.200000000;5;9636130852;S
20240219;100050;3433.200000000;3;9636130853;S
20240219;100050;3433.200000000;7;9636130930;S
20240219;100050;3432.400000000;5;9636130931;S
20240219;100050;3432.000000000;3;9636130932;S
20240219;100050;3435.000000000;1;9636131004;B
20240219;100051;3434.400000000;10;9636131055;S
20240219;100051;3434.600000000;1;9636131167;S
20240219;100051;3434.400000000;3;9636131195;S
20240219;100051;3435.000000000;65;9636131208;B
20240219;100051;3435.000000000;4;9636131219;B
20240219;100051;3435.000000000;50;9636131220;B
20240219;100051;3435.200000000;10;9636131221;B
20240219;100051;3435.600000000;20;9636131222;S
20240219;100051;3435.600000000;80;9636131223;S
20240219;100051;3435.600000000;20;9636131225;S
20240219;100051;3435.600000000;5;9636131226;S
20240219;100051;3435.800000000;10;9636131244;B
20240219;100051;3435.800000000;9;9636131245;B
20240219;100051;3435.600000000;61;9636131280;S
20240219;100051;3434.400000000;91;9636131281;S
20240219;100051;3433.200000000;10;9636131282;S
20240219;100051;3433.200000000;38;9636131283;S
20240219;100051;3432.400000000;2;9636131347;S
20240219;100051;3432.000000000;2;9636131348;S
20240219;100051;3432.000000000;2;9636131349;S
20240219;100051;3432.000000000;5;9636131350;S
20240219;100052;3431.800000000;1;9636131352;B
20240219;100052;3434.200000000;100;9636131353;B
20240219;100052;3434.600000000;70;9636131354;B
20240219;100052;3435.000000000;50;9636131355;B
20240219;100052;3435.400000000;20;9636131356;B
20240219;100052;3432.400000000;1;9636131368;S
20240219;100052;3434.400000000;1;9636131544;B
20240219;100053;3433.200000000;6;9636131736;S
20240219;100053;3433.000000000;2;9636131737;S
20240219;100053;3433.000000000;10;9636131738;S
20240219;100053;3433.000000000;70;9636131739;S
20240219;100053;3432.800000000;5;9636131740;S
20240219;100053;3432.600000000;1;9636131741;S
20240219;100053;3432.400000000;1;9636131742;S
20240219;100053;3432.000000000;5;9636131762;S
20240219;100053;3435.400000000;1;9636131914;B
20240219;100054;3435.400000000;1;9636131947;B
20240219;100054;3433.200000000;50;9636131954;S
20240219;100054;3432.800000000;26;9636131955;S
20240219;100054;3432.600000000;43;9636131956;S
20240219;100054;3432.600000000;30;9636132050;S
20240219;100054;3432.600000000;31;9636132051;S
20240219;100054;3432.600000000;4;9636132052;S
20240219;100055;3435.000000000;8;9636132169;B
20240219;100055;3435.000000000;2;9636132228;B
20240219;100055;3433.200000000;10;9636132274;S
20240219;100055;3433.000000000;5;9636132275;S
20240219;100055;3432.600000000;70;9636132276;S
20240219;100055;3432.600000000;16;9636132277;S
20240219;100055;3432.400000000;50;9636132278;S
20240219;100055;3432.000000000;38;9636132279;S
20240219;100055;3431.800000000;50;9636132280;S
20240219;100055;3431.800000000;36;9636132281;S
20240219;100055;3433.200000000;15;9636132320;S
20240219;100055;3432.000000000;9;9636132321;S
20240219;100055;3431.800000000;31;9636132322;S
20240219;100055;3434.600000000;5;9636132324;B
20240219;100055;3431.800000000;5;9636132340;S
20240219;100055;3431.600000000;4;9636132341;S
20240219;100056;3433.600000000;10;9636132434;S
20240219;100056;3431.800000000;6;9636132435;S
20240219;100056;3431.600000000;16;9636132436;S
20240219;100056;3433.800000000;4;9636132519;B
20240219;100056;3431.600000000;4;9636132557;S
20240219;100056;3431.600000000;10;9636132570;S
20240219;100056;3431.600000000;1;9636132592;S
20240219;100056;3433.000000000;2;9636132627;B
20240219;100056;3431.600000000;35;9636132636;S
20240219;100056;3431.600000000;5;9636132637;S
20240219;100056;3431.600000000;38;9636132638;S
20240219;100057;3431.600000000;37;9636132667;S
20240219;100057;3431.600000000;32;9636132668;S
20240219;100057;3431.400000000;1;9636132669;S
20240219;100057;3431.400000000;50;9636132670;S
20240219;100057;3431.200000000;30;9636132671;S
20240219;100057;3431.800000000;1;9636132718;S
20240219;100057;3431.200000000;20;9636132719;S
20240219;100057;3431.200000000;2;9636132720;S
20240219;100057;3431.200000000;5;9636132721;S
20240219;100057;3431.200000000;70;9636132722;S
20240219;100057;3430.800000000;10;9636132723;S
20240219;100057;3430.600000000;50;9636132724;S
20240219;100057;3430.600000000;42;9636132725;S
20240219;100057;3433.000000000;3;9636132727;B
20240219;100057;3433.400000000;1;9636132728;B
20240219;100057;3433.600000000;10;9636132729;B
20240219;100057;3433.800000000;1;9636132730;B
20240219;100057;3433.800000000;17;9636132731;B
20240219;100057;3432.400000000;5;9636132861;B
20240219;100057;3433.800000000;25;9636132862;B
20240219;100057;3433.800000000;1;9636132868;B
20240219;100058;3433.800000000;1;9636132896;B
20240219;100058;3430.800000000;75;9636132916;S
20240219;100058;3430.600000000;31;9636132917;S
20240219;100058;3431.200000000;10;9636133053;S
20240219;100058;3430.600000000;9;9636133054;S
20240219;100058;3433.200000000;5;9636133073;B
20240219;100058;3433.400000000;176;9636133074;B
20240219;100058;3433.600000000;50;9636133075;B
20240219;100058;3433.600000000;10;9636133076;B
20240219;100058;3433.600000000;17;9636133099;S
20240219;100058;3432.000000000;33;9636133100;S
20240219;100058;3432.000000000;5;9636133129;S
20240219;100059;3431.600000000;1;9636133343;S
20240219;100059;3434.000000000;50;9636133398;B
20240219;100059;3434.200000000;10;9636133399;B
20240219;100059;3434.800000000;30;9636133402;B
20240219;100059;3434.800000000;1;9636133407;B
20240219;100059;3432.000000000;1;9636133454;S
20240219;100059;3432.000000000;55;9636133476;S
20240219;100100;3433.800000000;1;9636133553;B
20240219;100100;3434.000000000;1;9636133554;B
20240219;100100;3434.600000000;8;9636133555;B
20240219;100100;3433.600000000;10;9636133592;B
20240219;100100;3434.600000000;2;9636133593;B
20240219;100100;3434.800000000;38;9636133594;B
20240219;100100;3434.800000000;16;9636133629;B
20240219;100100;3432.600000000;1;9636133692;S
20240219;100100;3432.600000000;4;9636133793;S
20240219;100100;3433.800000000;100;9636133797;B
20240219;100100;3434.800000000;34;9636133798;B
20240219;100100;3435.000000000;1;9636133799;B
20240219;100100;3435.000000000;10;9636133800;B
20240219;100100;3435.000000000;100;9636133801;B
20240219;100100;3435.000000000;50;9636133802;B
20240219;100100;3435.000000000;50;9636133803;B
20240219;100100;3435.200000000;20;9636133804;B
20240219;100100;3435.200000000;1;9636133805;B
20240219;100101;3432.800000000;20;9636133837;S
20240219;100101;3435.400000000;5;9636133862;B
20240219;100101;3435.600000000;1;9636133863;B
20240219;100101;3435.800000000;20;9636133864;B
20240219;100101;3435.800000000;30;9636133865;B
20240219;100101;3435.800000000;20;9636133866;B
20240219;100101;3433.200000000;2;9636133920;S
20240219;100101;3433.800000000;5;9636134025;S
20240219;100101;3433.400000000;10;9636134026;S
20240219;100101;3433.200000000;17;9636134027;S
20240219;100101;3433.000000000;5;9636134028;S
20240219;100101;3433.000000000;10;9636134029;S
20240219;100101;3433.000000000;3;9636134030;S
20240219;100102;3435.400000000;127;9636134070;B
20240219;100102;3435.600000000;70;9636134071;B
20240219;100102;3435.800000000;54;9636134072;B
20240219;100102;3435.800000000;1;9636134073;B
20240219;100102;3436.000000000;34;9636134074;B
20240219;100102;3435.000000000;5;9636134112;S
20240219;100102;3435.000000000;10;9636134161;B
20240219;100102;3435.000000000;1;9636134164;B
20240219;100102;3433.600000000;2;9636134180;S
20240219;100102;3433.200000000;2;9636134181;S
20240219;100102;3433.000000000;6;9636134182;S
20240219;100104;3433.800000000;1;9636134627;S
20240219;100104;3434.600000000;3;9636134637;B
20240219;100105;3434.400000000;10;9636134766;B
20240219;100105;3434.600000000;7;9636134767;B
20240219;100105;3435.000000000;83;9636134768;B
20240219;100105;3435.000000000;10;9636134785;B
20240219;100105;3433.800000000;1;9636134884;S
20240219;100107;3435.000000000;1;9636135131;B
20240219;100107;3433.800000000;9;9636135190;S
20240219;100107;3433.800000000;3;9636135191;S
20240219;100108;3435.000000000;30;9636135625;B
20240219;100108;3435.000000000;1;9636135626;B
20240219;100108;3435.000000000;19;9636135627;B
20240219;100110;3433.800000000;2;9636135941;S
20240219;100110;3433.800000000;2;9636135942;S
20240219;100110;3433.600000000;1;9636136122;S
20240219;100110;3433.400000000;1;9636136123;S
20240219;100110;3433.200000000;1;9636136124;S
20240219;100111;3433.200000000;5;9636136279;S
20240219;100111;3433.000000000;95;9636136280;S
20240219;100112;3433.200000000;10;9636136479;S
20240219;100112;3433.600000000;2;9636136494;B
20240219;100113;3433.200000000;5;9636136692;S
20240219;100113;3433.000000000;25;9636136693;S
20240219;100113;3433.000000000;10;9636136694;S
20240219;100113;3432.600000000;50;9636136737;S
20240219;100113;3432.200000000;39;9636136738;S
20240219;100113;3432.000000000;11;9636136739;S
20240219;100114;3432.000000000;44;9636136976;S
20240219;100114;3432.000000000;56;9636136977;S
20240219;100114;3432.400000000;200;9636136992;B
20240219;100114;3432.800000000;50;9636136993;B
20240219;100115;3432.800000000;8;9636137184;B
20240219;100116;3432.600000000;30;9636137376;S
20240219;100117;3432.600000000;5;9636137557;S
20240219;100117;3432.400000000;70;9636137558;S
20240219;100117;3432.000000000;4;9636137559;S
20240219;100117;3432.000000000;21;9636137560;S
20240219;100117;3432.800000000;2;9636137865;B
20240219;100118;3433.000000000;98;9636138024;S
20240219;100119;3431.400000000;5;9636138172;S
20240219;100119;3431.000000000;5;9636138173;S
20240219;100120;3431.000000000;3;9636138359;B
20240219;100120;3431.000000000;2;9636138380;B
20240219;100121;3431.000000000;2;9636138667;B
20240219;100122;3430.800000000;1;9636138761;S
20240219;100122;3430.800000000;1;9636138762;S
20240219;100122;3430.400000000;2;9636138763;S
20240219;100122;3430.200000000;4;9636138764;S
20240219;100124;3430.400000000;98;9636139158;B
20240219;100124;3430.400000000;1;9636139159;B
20240219;100124;3431.000000000;1;9636139160;B
20240219;100124;3430.200000000;10;9636139167;S
20240219;100124;3430.200000000;90;9636139168;S
20240219;100125;3430.200000000;3;9636139249;S
20240219;100125;3431.200000000;1;9636139266;B
20240219;100125;3430.400000000;10;9636139345;B
20240219;100125;3430.400000000;25;9636139370;B
20240219;100127;3430.200000000;3;9636139748;B
20240219;100127;3430.400000000;65;9636139937;B
20240219;100127;3430.400000000;1;9636139938;B
20240219;100127;3431.000000000;26;9636139939;B
20240219;100127;3431.200000000;1;9636139940;B
20240219;100127;3431.800000000;5;9636139941;B
20240219;100127;3432.000000000;6;9636139942;B
20240219;100129;3431.400000000;1;9636140900;S
20240219;100129;3430.800000000;1;9636140901;S
20240219;100129;3430.600000000;5;9636140902;S
20240219;100129;3430.400000000;50;9636140903;S
20240219;100129;3430.200000000;3;9636140904;S
20240219;100129;3432.000000000;1;9636141024;B
20240219;100130;3431.600000000;1;9636141105;B
20240219;100130;3431.400000000;1;9636141205;S
20240219;100130;3431.400000000;1;9636141345;B
20240219;100130;3430.400000000;1;9636141443;S
20240219;100131;3431.600000000;1;9636141541;B
20240219;100132;3431.600000000;3;9636141854;B
20240219;100132;3431.800000000;2;9636141855;B
20240219;100133;3431.600000000;1;9636142027;S
20240219;100133;3431.200000000;1;9636142108;S
20240219;100133;3430.800000000;1;9636142109;S
20240219;100133;3430.400000000;20;9636142110;S
20240219;100133;3430.400000000;1;9636142111;S
20240219;100133;3430.400000000;5;9636142112;S
20240219;100133;3430.200000000;194;9636142113;S
20240219;100133;3430.000000000;100;9636142114;S
20240219;100133;3430.000000000;1;9636142115;S
20240219;100133;3430.000000000;1;9636142116;S
20240219;100133;3430.000000000;16;9636142117;S
20240219;100133;3430.000000000;15;9636142118;S
20240219;100133;3429.800000000;1;9636142127;B
20240219;100133;3429.800000000;50;9636142155;B
20240219;100134;3429.600000000;100;9636142278;S
20240219;100134;3429.600000000;1;9636142282;S
20240219;100135;3429.600000000;100;9636142703;S
20240219;100135;3429.600000000;5;9636142715;S
20240219;100136;3429.800000000;40;9636142859;B
20240219;100136;3429.600000000;5;9636142926;S
20240219;100137;3429.600000000;89;9636143004;S
20240219;100137;3429.600000000;4;9636143005;S
20240219;100137;3429.400000000;1;9636143006;S
20240219;100137;3429.200000000;51;9636143007;S
20240219;100137;3428.400000000;200;9636143008;S
20240219;100137;3428.200000000;2;9636143009;S
20240219;100137;3428.200000000;50;9636143010;S
20240219;100137;3428.000000000;70;9636143011;S
20240219;100137;3427.600000000;70;9636143012;S
20240219;100137;3427.000000000;10;9636143083;S
20240219;100138;3427.000000000;9;9636143187;S
20240219;100138;3427.000000000;1;9636143188;S
20240219;100138;3427.000000000;4;9636143248;B
20240219;100138;3426.600000000;5;9636143281;S
20240219;100139;3426.600000000;10;9636143363;S
20240219;100139;3426.400000000;1;9636143442;S
20240219;100140;3426.400000000;26;9636143610;S
20240219;100140;3426.400000000;9;9636143696;B
20240219;100140;3426.800000000;92;9636143698;S
20240219;100140;3426.600000000;8;9636143699;S
20240219;100140;3427.600000000;45;9636143821;B
20240219;100140;3429.200000000;55;9636143822;B
20240219;100141;3429.800000000;6;9636144025;B
20240219;100144;3429.400000000;1;9636144816;B
20240219;100148;3427.600000000;85;9636145655;S
20240219;100148;3427.600000000;15;9636145682;S
20240219;100148;3426.800000000;2;9636145683;S
20240219;100148;3429.400000000;3;9636145759;B
20240219;100149;3429.400000000;4;9636145985;B
20240219;100150;3429.400000000;6;9636146038;B
20240219;100150;3427.000000000;10;9636146071;S
20240219;100150;3426.800000000;36;9636146072;S
20240219;100150;3427.600000000;1;9636146122;S
20240219;100150;3426.800000000;14;9636146123;S
20240219;100151;3426.800000000;1;9636146180;S
20240219;100154;3429.200000000;10;9636146863;B
20240219;100154;3429.200000000;5;9636146864;B
20240219;100154;3429.400000000;42;9636146865;B
20240219;100154;3429.400000000;2;9636146866;B
20240219;100154;3429.800000000;20;9636146867;B
20240219;100154;3430.000000000;28;9636146868;B
20240219;100154;3429.800000000;1;9636146987;B
20240219;100155;3429.000000000;1;9636147226;S
20240219;100156;3429.800000000;10;9636147418;B
20240219;100156;3429.800000000;1;9636147428;B
20240219;100156;3429.800000000;1;9636147445;B
20240219;100157;3429.200000000;1;9636147599;S
20240219;100157;3429.000000000;4;9636147600;S
20240219;100157;3429.000000000;20;9636147601;S
20240219;100157;3428.800000000;50;9636147602;S
20240219;100157;3428.200000000;1;9636147603;S
20240219;100157;3428.200000000;23;9636147604;S
20240219;100157;3428.000000000;1;9636147605;S
20240219;100157;3428.000000000;40;9636147606;S
20240219;100157;3428.000000000;3;9636147607;S
20240219;100157;3428.000000000;10;9636147608;S
20240219;100157;3427.800000000;47;9636147609;S
20240219;100157;3427.600000000;5;9636147760;S
20240219;100157;3427.400000000;13;9636147761;S
20240219;100157;3427.200000000;5;9636147762;S
20240219;100157;3427.200000000;44;9636147763;S
20240219;100159;3427.200000000;2;9636148009;S
20240219;100201;3428.400000000;1;9636148463;S
20240219;100201;3428.200000000;1;9636148464;S
20240219;100201;3428.200000000;88;9636148465;S
20240219;100201;3428.000000000;100;9636148466;S
20240219;100201;3428.000000000;51;9636148467;S
20240219;100201;3427.400000000;70;9636148468;S
20240219;100201;3427.200000000;70;9636148469;S
20240219;100201;3427.000000000;1;9636148470;S
20240219;100201;3427.000000000;44;9636148471;S
20240219;100201;3427.000000000;234;9636148472;S
20240219;100201;3427.800000000;1;9636148485;B
20240219;100201;3427.200000000;34;9636148533;S
20240219;100201;3427.400000000;1;9636148541;S
20240219;100201;3427.000000000;34;9636148542;S
20240219;100201;3427.400000000;1;9636148571;B
20240219;100202;3427.200000000;1;9636148718;S
20240219;100205;3427.200000000;1;9636149245;S
20240219;100205;3427.200000000;1;9636149246;S
20240219;100205;3427.200000000;1;9636149247;S
20240219;100205;3427.000000000;17;9636149248;S
20240219;100205;3427.000000000;145;9636149249;S
20240219;100205;3426.800000000;185;9636149250;S
20240219;100206;3427.000000000;3;9636149561;S
20240219;100206;3426.800000000;315;9636149562;S
20240219;100206;3426.600000000;1;9636149563;S
20240219;100206;3426.600000000;1;9636149564;S
20240219;100206;3426.600000000;1;9636149565;S
20240219;100206;3426.200000000;10;9636149566;S
20240219;100206;3426.000000000;5;9636149567;S
20240219;100206;3426.000000000;1;9636149568;S
20240219;100206;3426.000000000;3;9636149569;S
20240219;100206;3426.000000000;1;9636149570;S
20240219;100206;3425.800000000;1;9636149571;S
20240219;100207;3425.200000000;20;9636149683;S
20240219;100207;3425.200000000;1;9636149684;S
20240219;100207;3425.000000000;1;9636149685;S
20240219;100207;3425.000000000;53;9636149686;S
20240219;100207;3425.000000000;5;9636149785;S
20240219;100207;3425.000000000;1;9636149818;S
20240219;100208;3425.000000000;17;9636149867;S
20240219;100208;3425.000000000;3;9636149868;S
20240219;100208;3425.000000000;2;9636149869;S
20240219;100208;3425.000000000;1;9636149870;S
20240219;100208;3425.000000000;1;9636149871;S
20240219;100208;3424.800000000;40;9636149872;S
20240219;100208;3424.800000000;1;9636149873;S
20240219;100208;3424.600000000;6;9636149874;S
20240219;100208;3424.600000000;51;9636149875;S
20240219;100208;3424.400000000;16;9636149876;S
20240219;100208;3424.600000000;10;9636149879;B
20240219;100208;3424.600000000;20;9636149880;B
20240219;100208;3424.600000000;20;9636149881;B
20240219;100208;3424.600000000;15;9636149882;B
20240219;100208;3425.600000000;10;9636149889;B
20240219;100208;3425.400000000;30;9636149984;S
20240219;100210;3425.800000000;240;9636150314;B
20240219;100210;3426.800000000;2;9636150371;S
20240219;100211;3427.000000000;2;9636150391;B
20240219;100211;3427.200000000;1;9636150460;B
20240219;100211;3427.200000000;1;9636150461;B
20240219;100212;3427.200000000;4;9636150574;B
20240219;100212;3427.000000000;297;9636150577;S
20240219;100212;3426.800000000;68;9636150578;S
20240219;100212;3426.800000000;35;9636150579;S
20240219;100212;3426.200000000;70;9636150580;S
20240219;100212;3426.200000000;10;9636150582;B
20240219;100212;3426.200000000;10;9636150625;B
20240219;100212;3426.200000000;4;9636150626;B
20240219;100212;3426.200000000;1;9636150627;B
20240219;100213;3426.000000000;297;9636150730;S
20240219;100213;3426.000000000;5;9636150731;S
20240219;100213;3425.800000000;330;9636150732;S
20240219;100213;3425.600000000;28;9636150733;S
20240219;100213;3424.600000000;1;9636150838;S
20240219;100213;3424.600000000;3;9636150911;S
20240219;100215;3424.800000000;3;9636151121;S
20240219;100215;3425.000000000;4;9636151178;B
20240219;100217;3425.400000000;20;9636151546;S
20240219;100217;3425.200000000;2;9636151547;S
20240219;100217;3425.400000000;5;9636151626;S
20240219;100221;3425.800000000;1;9636152319;B
20240219;100225;3426.000000000;5;9636153065;S
20240219;100227;3426.200000000;5;9636153697;B
20240219;100227;3426.400000000;370;9636153698;B
20240219;100228;3427.000000000;1;9636153800;B
20240219;100228;3427.000000000;15;9636153801;B
20240219;100228;3427.200000000;1;9636153802;B
20240219;100228;3428.000000000;2;9636153803;B
20240219;100228;3428.000000000;40;9636153804;B
20240219;100228;3428.200000000;6;9636153805;B
20240219;100228;3428.200000000;5;9636153806;B
20240219;100228;3428.800000000;212;9636153807;B
20240219;100228;3428.800000000;2;9636153808;B
20240219;100228;3428.800000000;1;9636153809;B
20240219;100228;3428.800000000;51;9636153810;B
20240219;100228;3429.000000000;64;9636153811;B
20240219;100229;3428.200000000;5;9636153883;B
20240219;100229;3428.800000000;20;9636154017;S
20240219;100229;3428.400000000;4;9636154018;S
20240219;100229;3428.200000000;88;9636154019;S
20240219;100229;3428.000000000;93;9636154020;S
20240219;100229;3428.000000000;5;9636154021;S
20240219;100229;3427.200000000;40;9636154022;S
20240219;100229;3427.200000000;20;9636154023;S
20240219;100229;3426.800000000;51;9636154024;S
20240219;100229;3426.400000000;10;9636154025;S
20240219;100229;3426.400000000;70;9636154026;S
20240219;100229;3426.200000000;130;9636154027;S
20240219;100229;3426.000000000;20;9636154028;S
20240219;100229;3426.000000000;2;9636154029;S
20240219;100231;3426.800000000;1;9636154335;S
20240219;100231;3426.800000000;1;9636154336;S
20240219;100233;3427.600000000;32;9636154678;B
20240219;100233;3427.800000000;6;9636154679;B
20240219;100234;3426.800000000;8;9636154849;S
20240219;100234;3426.600000000;26;9636154890;S
20240219;100234;3426.600000000;3;9636154916;S
20240219;100234;3426.600000000;1;9636154981;S
20240219;100236;3426.800000000;1;9636155310;B
20240219;100238;3426.800000000;1;9636155554;B
20240219;100238;3426.800000000;5;9636155555;B
20240219;100238;3426.800000000;1;9636155556;B
20240219;100239;3427.000000000;70;9636155896;B
20240219;100240;3427.600000000;54;9636156078;B
20240219;100240;3428.000000000;5;9636156079;B
20240219;100240;3428.000000000;70;9636156080;B
20240219;100240;3428.000000000;4;9636156081;B
20240219;100240;3428.600000000;20;9636156082;B
20240219;100240;3428.600000000;5;9636156083;B
20240219;100240;3428.800000000;1;9636156084;B
20240219;100240;3428.800000000;1;9636156085;B
20240219;100240;3428.800000000;17;9636156086;B
20240219;100241;3429.000000000;5;9636156229;B
20240219;100241;3427.600000000;10;9636156363;S
20240219;100242;3429.000000000;1;9636156400;B
20240219;100242;3429.000000000;220;9636156438;B
20240219;100242;3429.000000000;500;9636156439;B
20240219;100242;3429.000000000;100;9636156440;B
20240219;100242;3429.000000000;51;9636156441;B
20240219;100242;3429.800000000;3;9636156442;B
20240219;100242;3429.800000000;1;9636156443;B
20240219;100242;3429.800000000;2;9636156444;B
20240219;100242;3429.800000000;10;9636156445;B
20240219;100242;3430.000000000;113;9636156446;B
20240219;100243;3430.000000000;4;9636156582;B
20240219;100243;3430.000000000;2;9636156583;B
20240219;100243;3430.000000000;4;9636156584;B
20240219;100243;3428.200000000;2;9636156608;B
20240219;100243;3429.800000000;98;9636156609;B
20240219;100243;3428.000000000;3;9636156688;S
20240219;100244;3430.000000000;9;9636156933;B
20240219;100246;3428.400000000;5;9636157273;S
20240219;100246;3428.000000000;2;9636157274;S
20240219;100246;3428.000000000;88;9636157275;S
20240219;100246;3428.000000000;1;9636157276;S
20240219;100246;3427.800000000;1;9636157277;S
20240219;100246;3427.800000000;20;9636157278;S
20240219;100246;3427.800000000;70;9636157279;S
20240219;100246;3427.800000000;5;9636157280;S
20240219;100246;3427.600000000;8;9636157281;S
20240219;100248;3429.800000000;2;9636157651;B
20240219;100248;3429.800000000;3;9636157713;B
20240219;100251;3428.200000000;4;9636158243;S
20240219;100251;3428.200000000;1;9636158298;S
20240219;100251;3428.000000000;31;9636158299;S
20240219;100254;3428.200000000;5;9636158860;S
20240219;100254;3428.000000000;1;9636158861;S
20240219;100255;3429.800000000;20;9636159186;B
20240219;100255;3429.800000000;5;9636159187;B
20240219;100255;3430.000000000;98;9636159188;B
20240219;100255;3430.000000000;100;9636159189;B
20240219;100255;3430.000000000;8;9636159190;B
20240219;100255;3430.000000000;18;9636159191;B
20240219;100255;3430.000000000;44;9636159192;B
20240219;100255;3430.200000000;129;9636159193;B
20240219;100255;3430.200000000;3;9636159194;B
20240219;100255;3430.200000000;5;9636159195;B
20240219;100255;3430.400000000;25;9636159196;B
20240219;100255;3430.800000000;51;9636159197;B
20240219;100255;3431.000000000;32;9636159198;B
20240219;100257;3429.800000000;3;9636159480;B
20240219;100258;3430.800000000;5;9636159749;B
20240219;100258;3431.200000000;7;9636159750;B
20240219;100258;3430.200000000;1;9636159771;S
20240219;100259;3430.400000000;5;9636159962;S
20240219;100259;3430.200000000;3;9636159963;S
20240219;100259;3431.200000000;5;9636159976;B
20240219;100300;3430.200000000;4;9636160175;S
20240219;100301;3430.200000000;4;9636160401;S
20240219;100303;3431.200000000;5;9636160808;B
20240219;100304;3430.400000000;2;9636160888;S
20240219;100304;3430.200000000;18;9636160889;S
20240219;100306;3430.200000000;16;9636161570;S
20240219;100308;3431.000000000;1;9636161993;B
20240219;100311;3431.000000000;4;9636162555;S
20240219;100311;3430.200000000;11;9636162556;S
20240219;100311;3430.200000000;6;9636162557;S
20240219;100313;3430.200000000;2;9636162880;S
20240219;100313;3430.800000000;4;9636163061;S
20240219;100313;3430.400000000;11;9636163062;S
20240219;100313;3430.200000000;80;9636163063;S
20240219;100313;3430.200000000;51;9636163064;S
20240219;100313;3430.200000000;2;9636163065;S
20240219;100313;3430.000000000;37;9636163066;S
20240219;100313;3430.000000000;245;9636163067;S
20240219;100315;3430.600000000;1;9636163347;B
20240219;100315;3430.800000000;1;9636163348;B
20240219;100315;3430.800000000;5;9636163349;B
20240219;100315;3430.800000000;11;9636163350;B
20240219;100315;3431.000000000;1;9636163351;B
20240219;100315;3431.000000000;10;9636163352;B
20240219;100316;3430.000000000;1;9636163480;S
20240219;100316;3431.000000000;1;9636163503;B
20240219;100319;3430.800000000;1;9636164240;B
20240219;100319;3430.200000000;1;9636164242;S
20240219;100319;3430.200000000;25;9636164249;S
20240219;100319;3430.800000000;24;9636164376;B
20240219;100321;3430.400000000;5;9636164661;S
20240219;100321;3430.200000000;55;9636164662;S
20240219;100321;3430.800000000;1;9636164684;B
20240219;100321;3430.800000000;30;9636164740;B
20240219;100322;3430.800000000;11;9636164979;B
20240219;100322;3431.000000000;12;9636164980;B
20240219;100322;3431.000000000;1;9636164981;B
20240219;100322;3431.000000000;1;9636164982;B
20240219;100322;3431.000000000;118;9636164983;B
20240219;100322;3431.000000000;4;9636164984;B
20240219;100322;3431.200000000;3;9636164985;B
20240219;100322;3431.200000000;50;9636164986;B
20240219;100323;3431.000000000;1;9636165238;B
20240219;100323;3431.200000000;18;9636165239;B
20240219;100324;3431.000000000;5;9636165324;S
20240219;100324;3430.600000000;11;9636165325;S
20240219;100324;3430.400000000;88;9636165326;S
20240219;100324;3430.400000000;5;9636165327;S
20240219;100324;3430.200000000;91;9636165328;S
20240219;100324;3431.200000000;20;9636165386;B
20240219;100324;3431.400000000;50;9636165387;B
20240219;100324;3431.400000000;11;9636165388;B
20240219;100324;3431.600000000;41;9636165389;B
20240219;100324;3431.800000000;5;9636165390;B
20240219;100324;3431.800000000;1;9636165391;B
20240219;100324;3432.000000000;72;9636165392;B
20240219;100326;3431.400000000;1;9636165669;S
20240219;100326;3431.400000000;1;9636165670;S
20240219;100327;3432.000000000;2;9636165824;B
20240219;100328;3431.800000000;4;9636166052;S
20240219;100328;3431.800000000;1;9636166131;S
20240219;100328;3431.400000000;9;9636166132;S
20240219;100329;3431.200000000;1;9636166289;S
20240219;100329;3432.000000000;3;9636166307;B
20240219;100329;3432.000000000;7;9636166308;B
20240219;100330;3431.200000000;4;9636166460;S
20240219;100333;3432.000000000;73;9636167386;B
20240219;100333;3432.000000000;2;9636167387;B
20240219;100333;3432.000000000;125;9636167388;B
20240219;100334;3431.800000000;5;9636167552;B
20240219;100335;3431.400000000;12;9636167649;S
20240219;100335;3431.400000000;10;9636167650;S
20240219;100335;3431.200000000;3;9636167651;S
20240219;100335;3431.800000000;5;9636167706;B
20240219;100335;3432.000000000;5;9636167707;B
20240219;100335;3432.000000000;70;9636167779;B
20240219;100335;3432.000000000;169;9636167780;B
20240219;100336;3432.000000000;2;9636167820;B
20240219;100336;3432.000000000;10;9636167876;B
20240219;100339;3431.600000000;2;9636168359;S
20240219;100339;3431.800000000;1;9636168442;B
20240219;100339;3431.600000000;3;9636168443;S
20240219;100339;3431.400000000;2;9636168444;S
20240219;100341;3432.000000000;50;9636168821;B
20240219;100341;3432.000000000;174;9636168861;B
20240219;100341;3432.000000000;1;9636168862;B
20240219;100341;3432.000000000;2;9636168863;B
20240219;100341;3432.000000000;1;9636168864;B
20240219;100341;3432.000000000;1;9636168865;B
20240219;100341;3432.000000000;5;9636168866;B
20240219;100341;3432.200000000;11;9636168867;B
20240219;100341;3433.000000000;22;9636168868;B
20240219;100341;3433.000000000;7;9636168890;B
20240219;100342;3433.000000000;74;9636168932;B
20240219;100342;3433.000000000;20;9636168933;B
20240219;100342;3433.000000000;6;9636168934;B
20240219;100343;3432.000000000;5;9636169102;S
20240219;100343;3432.000000000;3;9636169247;B
20240219;100344;3432.000000000;1;9636169322;B
20240219;100345;3432.000000000;250;9636169598;B
20240219;100347;3432.000000000;241;9636169811;B
20240219;100347;3432.000000000;4;9636169812;B
20240219;100347;3432.200000000;5;9636169813;B
20240219;100347;3432.000000000;7;9636169842;B
20240219;100347;3433.000000000;8;9636169843;B
20240219;100347;3433.000000000;30;9636169857;B
20240219;100347;3433.000000000;200;9636169891;B
20240219;100349;3432.400000000;5;9636170277;S
20240219;100349;3432.400000000;5;9636170287;S
20240219;100349;3432.200000000;3;9636170288;S
20240219;100350;3433.000000000;1;9636170496;B
20240219;100351;3432.400000000;5;9636170599;S
20240219;100353;3433.000000000;1;9636170924;B
20240219;100354;3432.600000000;1;9636170993;S
20240219;100354;3432.400000000;10;9636170994;S
20240219;100354;3432.200000000;12;9636170995;S
20240219;100354;3432.200000000;12;9636170996;S
20240219;100354;3432.800000000;10;9636171046;B
20240219;100354;3433.000000000;54;9636171047;B
20240219;100354;3433.000000000;4;9636171048;B
20240219;100354;3433.000000000;10;9636171049;B
20240219;100354;3433.000000000;3;9636171050;B
20240219;100354;3433.000000000;5;9636171051;B
20240219;100354;3433.000000000;39;9636171052;B
20240219;100354;3432.600000000;1;9636171053;S
20240219;100356;3432.600000000;5;9636171337;S
20240219;100356;3432.400000000;5;9636171338;S
20240219;100356;3432.200000000;30;9636171339;S
20240219;100357;3432.800000000;10;9636171522;B
20240219;100357;3432.800000000;10;9636171580;B
20240219;100358;3432.800000000;100;9636171674;B
20240219;100358;3432.800000000;10;9636171778;B
20240219;100359;3432.600000000;4;9636171861;B
20240219;100359;3432.600000000;21;9636171862;B
20240219;100359;3432.800000000;56;9636171874;B
20240219;100359;3433.000000000;31;9636171930;B
20240219;100359;3433.000000000;1;9636171931;B
20240219;100359;3433.200000000;12;9636171932;B
20240219;100359;3433.400000000;1;9636171933;B
20240219;100359;3433.800000000;2;9636171934;B
20240219;100359;3434.400000000;5;9636171935;B
20240219;100359;3434.600000000;5;9636171936;B
20240219;100359;3434.600000000;1;9636171937;B
20240219;100359;3434.600000000;1;9636171938;B
20240219;100359;3434.600000000;20;9636171939;B
20240219;100359;3434.600000000;21;9636171940;S
20240219;100359;3434.800000000;1;9636171941;B
20240219;100401;3433.400000000;2;9636172323;S
20240219;100402;3434.800000000;5;9636172532;B
20240219;100403;3433.800000000;2;9636172783;S
20240219;100406;3434.000000000;3;9636173570;S
20240219;100406;3434.000000000;2;9636173612;S
20240219;100406;3433.800000000;3;9636173617;S
20240219;100406;3433.600000000;4;9636173618;S
20240219;100407;3433.600000000;1;9636173753;S
20240219;100407;3433.600000000;9;9636173754;S
20240219;100408;3433.600000000;3;9636174066;S
20240219;100409;3434.000000000;1;9636174106;B
20240219;100409;3434.200000000;11;9636174107;B
20240219;100409;3434.400000000;10;9636174108;B
20240219;100409;3434.400000000;78;9636174109;B
20240219;100410;3434.200000000;1;9636174312;B
20240219;100410;3434.600000000;10;9636174313;B
20240219;100410;3434.600000000;19;9636174314;B
20240219;100412;3434.600000000;10;9636174637;B
20240219;100413;3433.800000000;13;9636174825;S
20240219;100413;3433.400000000;3;9636174826;S
20240219;100413;3433.200000000;11;9636174827;S
20240219;100413;3433.200000000;88;9636174828;S
20240219;100413;3433.000000000;40;9636174829;S
20240219;100413;3432.600000000;15;9636174830;S
20240219;100413;3432.600000000;5;9636174831;S
20240219;100413;3432.600000000;204;9636174832;S
20240219;100413;3432.600000000;70;9636174833;S
20240219;100413;3432.600000000;50;9636174834;S
20240219;100413;3432.400000000;90;9636174835;S
20240219;100413;3432.400000000;11;9636174836;S
20240219;100414;3434.000000000;5;9636174993;S
20240219;100415;3434.000000000;6;9636175189;B
20240219;100416;3433.600000000;1;9636175254;S
20240219;100416;3433.000000000;1;9636175255;S
20240219;100416;3432.400000000;1;9636175355;S
20240219;100416;3432.400000000;8;9636175356;S
20240219;100416;3432.200000000;3;9636175357;S
20240219;100416;3432.200000000;1;9636175358;S
20240219;100416;3432.200000000;10;9636175359;S
20240219;100416;3432.000000000;10;9636175360;S
20240219;100416;3432.000000000;167;9636175361;S
20240219;100416;3434.000000000;10;9636175381;B
20240219;100417;3433.800000000;1;9636175442;B
20240219;100418;3433.600000000;5;9636175768;B
20240219;100418;3433.600000000;88;9636175769;B
20240219;100418;3433.800000000;4;9636175770;B
20240219;100418;3433.800000000;5;9636175771;B
20240219;100418;3433.800000000;15;9636175772;B
20240219;100418;3433.800000000;12;9636175773;B
20240219;100418;3434.000000000;71;9636175774;B
20240219;100418;3432.000000000;83;9636175964;S
20240219;100418;3432.000000000;217;9636175965;S
20240219;100419;3433.800000000;13;9636176058;B
20240219;100427;3433.000000000;1;9636177589;S
20240219;100427;3432.800000000;13;9636177590;S
20240219;100427;3432.600000000;88;9636177591;S
20240219;100427;3432.400000000;50;9636177592;S
20240219;100427;3432.400000000;50;9636177593;S
20240219;100427;3432.200000000;15;9636177594;S
20240219;100427;3432.000000000;83;9636177595;S
20240219;100428;3433.600000000;1;9636177734;B
20240219;100428;3433.600000000;1;9636177735;B
20240219;100428;3433.600000000;3;9636177736;B
20240219;100428;3432.000000000;3;9636177780;S
20240219;100430;3432.000000000;3;9636178060;S
20240219;100435;3432.000000000;2;9636178864;S
20240219;100437;3432.000000000;400;9636179132;S
20240219;100438;3432.000000000;800;9636179322;S
20240219;100438;3432.000000000;462;9636179456;S
20240219;100438;3432.000000000;3;9636179457;S
