<DATE>;<TIME>;<LAST>;<VOL>;<ID>;<OPER>
20240117;095947;2639.600000000;1;9411036893;B
20240117;095947;2639.600000000;30;9411036894;B
20240117;095947;2639.600000000;1;9411036895;B
20240117;095947;2639.600000000;1;9411036896;B
20240117;095947;2639.600000000;1;9411036897;B
20240117;095947;2639.600000000;46;9411036898;B
20240117;095947;2639.600000000;4;9411036899;B
20240117;095947;2639.600000000;1;9411036900;B
20240117;095947;2639.600000000;37;9411036901;S
20240117;095947;2639.600000000;12;9411036902;S
20240117;095947;2639.600000000;10;9411036903;S
20240117;095947;2639.600000000;3;9411036904;S
20240117;095947;2639.600000000;1;9411036905;S
20240117;095947;2639.600000000;3;9411036906;S
20240117;095947;2639.600000000;1;9411036907;S
20240117;095947;2639.600000000;1;9411036908;B
20240117;095947;2639.600000000;4;9411036909;B
20240117;095947;2639.600000000;50;9411036910;B
20240117;095947;2639.600000000;12;9411036911;B
20240117;095947;2639.600000000;1;9411036912;B
20240117;095947;2639.600000000;2;9411036913;B
20240117;095947;2639.600000000;3;9411036914;B
20240117;095947;2639.600000000;97;9411036915;B
20240117;095947;2639.600000000;1;9411036916;B
20240117;095947;2639.600000000;1;9411036917;B
20240117;095947;2639.600000000;86;9411036918;B
20240117;095947;2639.600000000;9;9411036919;B
20240117;095947;2639.600000000;2;9411036920;B
20240117;095947;2639.600000000;3;9411036921;B
20240117;095947;2639.600000000;497;9411036922;B
20240117;095947;2639.600000000;1;9411036923;B
20240117;095947;2639.600000000;82;9411036924;B
20240117;095947;2639.600000000;5;9411036925;B
20240117;095947;2639.600000000;50;9411036926;B
20240117;095947;2639.600000000;50;9411036927;B
20240117;095947;2639.600000000;5;9411036928;B
20240117;095947;2639.600000000;50;9411036929;B
20240117;095947;2639.600000000;50;9411036930;B
20240117;095947;2639.600000000;60;9411036931;B
20240117;095947;2639.600000000;5;9411036932;B
20240117;095947;2639.600000000;40;9411036933;B
20240117;095947;2639.600000000;1;9411036934;S
20240117;095947;2639.600000000;2;9411036935;S
20240117;095947;2639.600000000;2;9411036936;S
20240117;095947;2639.600000000;1;9411036937;S
20240117;095947;2639.600000000;1;9411036938;S
20240117;095947;2639.600000000;1;9411036939;S
20240117;095947;2639.600000000;2;9411036940;S
20240117;095947;2639.600000000;20;9411036941;S
20240117;095947;2639.600000000;3;9411036942;S
20240117;095947;2639.600000000;5;9411036943;S
20240117;095947;2639.600000000;5;9411036944;S
20240117;095947;2639.600000000;4;9411036945;S
20240117;095947;2639.600000000;1;9411036946;S
20240117;095947;2639.600000000;1;9411036947;S
20240117;095947;2639.600000000;25;9411036948;B
20240117;095947;2639.600000000;1;9411036949;B
20240117;095947;2639.600000000;11;9411036950;B
20240117;095947;2639.600000000;1;9411036951;S
20240117;095947;2639.600000000;51;9411036952;S
20240117;095947;2639.600000000;2;9411036953;S
20240117;095947;2639.600000000;20;9411036954;B
20240117;095947;2639.600000000;100;9411036955;S
20240117;095947;2639.600000000;1;9411036956;S
20240117;095947;2639.600000000;1;9411036957;S
20240117;095947;2639.600000000;113;9411036958;S
20240117;095947;2639.600000000;5;9411036959;S
20240117;095947;2639.600000000;1;9411036960;S
20240117;095947;2639.600000000;1;9411036961;S
20240117;095947;2639.600000000;1;9411036962;S
20240117;095947;2639.600000000;1;9411036963;S
20240117;095947;2639.600000000;1;9411036964;S
20240117;095947;2639.600000000;1;9411036965;S
20240117;095947;2639.600000000;5;9411036966;S
20240117;095947;2639.600000000;6;9411036967;S
20240117;095947;2639.600000000;1;9411036968;S
20240117;095947;2639.600000000;7;9411036969;S
20240117;095947;2639.600000000;1;9411036970;S
20240117;095947;2639.600000000;1;9411036971;S
20240117;095947;2639.600000000;3;9411036972;S
20240117;095947;2639.600000000;3;9411036973;S
20240117;095947;2639.600000000;7;9411036974;S
20240117;095947;2639.600000000;1;9411036975;S
20240117;095947;2639.600000000;1;9411036976;S
20240117;095947;2639.600000000;2;9411036977;S
20240117;095947;2639.600000000;1;9411036978;S
20240117;095947;2639.600000000;9;9411036979;S
20240117;095947;2639.600000000;8;9411036980;S
20240117;095947;2639.600000000;3;9411036981;S
20240117;095947;2639.600000000;12;9411036982;S
20240117;095947;2639.600000000;4;9411036983;S
20240117;095947;2639.600000000;14;9411036984;S
20240117;095947;2639.600000000;8;9411036985;S
20240117;095947;2639.600000000;1;9411036986;S
20240117;095947;2639.600000000;41;9411036987;S
20240117;095947;2639.600000000;9;9411036988;S
20240117;095947;2639.600000000;2;9411036989;S
20240117;095947;2639.600000000;16;9411036990;S
20240117;095947;2639.600000000;1;9411036991;S
20240117;095947;2639.600000000;1;9411036992;S
20240117;095947;2639.600000000;2;9411036993;S
20240117;095947;2639.600000000;1;9411036994;S
20240117;095947;2639.600000000;20;9411036995;B
20240117;095947;2639.600000000;1;9411036996;B
20240117;095947;2639.600000000;2;9411036997;B
20240117;095947;2639.600000000;1;9411036998;B
20240117;095947;2639.600000000;1;9411036999;B
20240117;095947;2639.600000000;2;9411037000;B
20240117;095947;2639.600000000;1;9411037001;B
20240117;095947;2639.600000000;1;9411037002;B
20240117;095947;2639.600000000;1;9411037003;B
20240117;095947;2639.600000000;2;9411037004;B
20240117;095947;2639.600000000;1;9411037005;B
20240117;095947;2639.600000000;1;9411037006;B
20240117;095947;2639.600000000;1;9411037007;B
20240117;095947;2639.600000000;3;9411037008;B
20240117;095947;2639.600000000;1;9411037009;B
20240117;095947;2639.600000000;5;9411037010;B
20240117;095947;2639.600000000;2;9411037011;B
20240117;095947;2639.600000000;6;9411037012;B
20240117;095947;2639.600000000;1;9411037013;B
20240117;095947;2639.600000000;1;9411037014;B
20240117;095947;2639.600000000;1;9411037015;B
20240117;095947;2639.600000000;30;9411037016;B
20240117;095947;2639.600000000;1;9411037017;S
20240117;095947;2639.600000000;2;9411037018;B
20240117;095947;2639.600000000;100;9411037019;S
20240117;095947;2639.600000000;1;9411037020;S
20240117;095947;2639.600000000;2;9411037021;S
20240117;095947;2639.600000000;1;9411037022;S
20240117;095947;2639.600000000;1;9411037023;S
20240117;095947;2639.600000000;1;9411037024;S
20240117;095947;2639.600000000;1;9411037025;S
20240117;095947;2639.600000000;31;9411037026;S
20240117;095947;2639.600000000;4;9411037027;S
20240117;095947;2639.600000000;4;9411037028;S
20240117;095947;2639.600000000;1;9411037029;S
20240117;095947;2639.600000000;7;9411037030;S
20240117;095947;2639.600000000;1;9411037031;S
20240117;095947;2639.600000000;1;9411037032;S
20240117;095947;2639.600000000;1;9411037033;S
20240117;095947;2639.600000000;2;9411037034;S
20240117;095947;2639.600000000;1;9411037035;S
20240117;095947;2639.600000000;1;9411037036;S
20240117;095947;2639.600000000;4;9411037037;S
20240117;095947;2639.600000000;1;9411037038;S
20240117;095947;2639.600000000;1;9411037039;S
20240117;095947;2639.600000000;1;9411037040;S
20240117;095947;2639.600000000;1;9411037041;S
20240117;095947;2639.600000000;1;9411037042;S
20240117;095947;2639.600000000;2;9411037043;S
20240117;095947;2639.600000000;8;9411037044;S
20240117;095947;2639.600000000;1;9411037045;B
20240117;095947;2639.600000000;1;9411037046;B
20240117;095947;2639.600000000;10;9411037047;S
20240117;100000;2643.000000000;20;9411039917;B
20240117;100000;2640.600000000;1;9411040188;S
20240117;100000;2641.800000000;30;9411040439;B
20240117;100000;2642.000000000;3;9411040440;B
20240117;100000;2642.200000000;47;9411040441;B
20240117;100000;2642.600000000;50;9411040442;B
20240117;100000;2643.000000000;50;9411040443;B
20240117;100000;2642.600000000;9;9411040552;B
20240117;100001;2642.600000000;6;9411040616;S
20240117;100001;2643.000000000;10;9411040641;B
20240117;100001;2642.600000000;15;9411040678;S
20240117;100001;2643.000000000;2;9411040679;B
20240117;100001;2643.000000000;18;9411040706;B
20240117;100001;2643.000000000;3;9411040707;B
20240117;100001;2643.000000000;29;9411040708;B
20240117;100001;2644.600000000;10;9411040710;S
20240117;100001;2644.600000000;10;9411040711;B
20240117;100001;2644.400000000;50;9411040712;B
20240117;100001;2644.400000000;40;9411040713;B
20240117;100001;2644.400000000;7;9411040714;B
20240117;100001;2644.400000000;13;9411040715;B
20240117;100001;2644.400000000;40;9411040763;B
20240117;100001;2642.400000000;3;9411040769;S
20240117;100001;2642.000000000;8;9411040770;S
20240117;100001;2642.600000000;20;9411040862;S
20240117;100001;2642.600000000;55;9411040864;S
20240117;100001;2640.600000000;78;9411040865;S
20240117;100001;2640.600000000;38;9411040866;S
20240117;100001;2640.400000000;19;9411040867;S
20240117;100001;2643.400000000;152;9411040872;B
20240117;100001;2643.600000000;50;9411040873;B
20240117;100001;2643.600000000;42;9411040874;B
20240117;100001;2643.800000000;1;9411040905;B
20240117;100001;2642.000000000;20;9411040963;S
20240117;100001;2642.000000000;38;9411041202;S
20240117;100001;2641.800000000;53;9411041203;S
20240117;100001;2641.600000000;109;9411041204;S
20240117;100001;2641.400000000;1;9411041216;S
20240117;100002;2643.600000000;1;9411041300;B
20240117;100002;2641.600000000;25;9411041354;S
20240117;100003;2643.600000000;49;9411041814;B
20240117;100003;2643.600000000;1;9411041815;B
20240117;100003;2643.600000000;50;9411042408;B
20240117;100004;2643.200000000;1;9411042893;B
20240117;100004;2643.600000000;10;9411042944;B
20240117;100004;2641.600000000;8;9411043348;S
20240117;100004;2643.800000000;2;9411043590;B
20240117;100005;2643.800000000;2;9411044905;B
20240117;100005;2643.800000000;1;9411045070;B
20240117;100005;2643.800000000;2;9411045071;B
20240117;100005;2643.800000000;40;9411045086;B
20240117;100005;2644.000000000;60;9411045087;B
20240117;100006;2642.000000000;1;9411045839;S
20240117;100006;2641.600000000;1;9411046231;S
20240117;100006;2643.600000000;8;9411046232;B
20240117;100006;2643.600000000;1;9411046233;B
20240117;100006;2641.600000000;2;9411046234;S
20240117;100006;2643.600000000;1;9411046247;B
20240117;100006;2641.600000000;27;9411046344;S
20240117;100006;2641.600000000;6;9411046345;S
20240117;100006;2641.600000000;27;9411046346;S
20240117;100007;2641.800000000;1;9411046901;S
20240117;100007;2643.600000000;6;9411047415;B
20240117;100008;2643.600000000;2;9411047555;B
20240117;100010;2642.800000000;2;9411048298;B
20240117;100010;2642.200000000;1;9411048487;S
20240117;100010;2642.800000000;3;9411048603;B
20240117;100010;2643.000000000;5;9411048604;B
20240117;100010;2643.400000000;22;9411048605;B
20240117;100010;2643.400000000;11;9411048635;B
20240117;100010;2643.400000000;1;9411048654;B
20240117;100010;2643.400000000;2;9411048713;B
20240117;100010;2643.400000000;33;9411048714;B
20240117;100010;2643.600000000;3;9411048715;B
20240117;100011;2643.600000000;1;9411048881;B
20240117;100011;2642.400000000;34;9411049162;S
20240117;100011;2641.800000000;38;9411049163;S
20240117;100011;2641.600000000;13;9411049164;S
20240117;100011;2641.600000000;15;9411049165;S
20240117;100014;2642.800000000;1;9411049865;S
20240117;100015;2642.800000000;1;9411050164;B
20240117;100015;2642.800000000;3;9411050201;B
20240117;100015;2643.000000000;5;9411050202;B
20240117;100020;2642.200000000;1;9411051189;B
20240117;100020;2641.600000000;2;9411051197;S
20240117;100021;2641.800000000;5;9411051369;S
20240117;100022;2641.800000000;1;9411051519;S
20240117;100022;2641.800000000;28;9411051617;S
20240117;100024;2641.800000000;2;9411052072;S
20240117;100025;2641.800000000;14;9411052692;S
20240117;100025;2641.800000000;25;9411052693;S
20240117;100025;2641.400000000;61;9411052694;S
20240117;100025;2642.000000000;5;9411052695;B
20240117;100025;2642.000000000;15;9411052696;B
20240117;100026;2642.000000000;32;9411052758;B
20240117;100026;2642.000000000;5;9411052759;B
20240117;100026;2641.800000000;10;9411052760;B
20240117;100027;2641.400000000;5;9411052942;S
20240117;100027;2641.400000000;3;9411053081;S
20240117;100027;2640.400000000;2;9411053082;S
20240117;100027;2640.200000000;38;9411053083;S
20240117;100027;2640.000000000;50;9411053084;S
20240117;100027;2640.000000000;20;9411053085;S
20240117;100027;2640.000000000;10;9411053086;B
20240117;100027;2640.000000000;10;9411053087;B
20240117;100028;2639.800000000;5;9411053226;S
20240117;100028;2639.800000000;2;9411053236;S
20240117;100028;2640.000000000;1;9411053244;B
20240117;100028;2639.800000000;13;9411053287;S
20240117;100028;2639.800000000;10;9411053288;S
20240117;100028;2639.800000000;10;9411053289;S
20240117;100028;2639.800000000;17;9411053290;S
20240117;100028;2639.800000000;3;9411053291;S
20240117;100028;2639.800000000;15;9411053292;S
20240117;100028;2640.000000000;1;9411053293;B
20240117;100028;2639.800000000;25;9411053294;S
20240117;100028;2639.800000000;3;9411053295;S
20240117;100028;2640.000000000;1;9411053321;B
20240117;100028;2640.000000000;5;9411053330;B
20240117;100028;2640.000000000;1;9411053338;B
20240117;100028;2640.000000000;1;9411053339;B
20240117;100028;2640.000000000;1;9411053358;B
20240117;100028;2640.000000000;3;9411053387;B
20240117;100028;2640.000000000;3;9411053394;B
20240117;100028;2640.000000000;10;9411053414;B
20240117;100028;2640.000000000;10;9411053446;B
20240117;100028;2639.800000000;5;9411053454;S
20240117;100028;2640.000000000;15;9411053506;B
20240117;100029;2640.000000000;9;9411053520;B
20240117;100029;2640.000000000;1;9411053521;B
20240117;100029;2640.000000000;5;9411053546;B
20240117;100029;2639.800000000;5;9411053620;S
20240117;100030;2639.800000000;10;9411053873;S
20240117;100031;2639.800000000;17;9411054187;S
20240117;100031;2639.600000000;1;9411054188;S
20240117;100031;2639.600000000;5;9411054220;S
20240117;100033;2639.600000000;9;9411054946;S
20240117;100034;2640.000000000;3;9411055175;B
20240117;100034;2639.600000000;75;9411055207;S
20240117;100035;2639.600000000;25;9411055501;B
20240117;100035;2639.600000000;4;9411055502;B
20240117;100036;2639.600000000;1;9411055647;B
20240117;100037;2639.400000000;1;9411055792;S
20240117;100037;2639.200000000;4;9411055793;S
20240117;100038;2639.200000000;6;9411056118;S
20240117;100038;2639.000000000;1;9411056119;S
20240117;100038;2639.000000000;10;9411056120;S
20240117;100038;2639.000000000;1;9411056121;S
20240117;100038;2638.400000000;1;9411056122;S
20240117;100038;2638.000000000;1;9411056123;S
20240117;100038;2638.000000000;2;9411056124;S
20240117;100038;2637.800000000;50;9411056125;S
20240117;100038;2637.400000000;28;9411056126;S
20240117;100038;2638.800000000;20;9411056132;B
20240117;100038;2638.800000000;40;9411056133;B
20240117;100039;2637.600000000;1;9411056176;S
20240117;100039;2639.000000000;1;9411056514;S
20240117;100041;2639.000000000;29;9411057289;S
20240117;100041;2638.000000000;1;9411057290;S
20240117;100041;2637.800000000;5;9411057291;S
20240117;100043;2637.200000000;20;9411057634;S
20240117;100044;2639.200000000;3;9411057769;B
20240117;100044;2637.200000000;7;9411057775;S
20240117;100046;2637.200000000;20;9411058433;S
20240117;100046;2637.000000000;1;9411058434;S
20240117;100046;2637.000000000;10;9411058435;S
20240117;100046;2637.000000000;44;9411058436;S
20240117;100046;2637.200000000;47;9411058437;S
20240117;100046;2637.000000000;53;9411058438;S
20240117;100047;2638.800000000;10;9411058785;B
20240117;100048;2638.600000000;30;9411058930;S
20240117;100048;2637.200000000;20;9411058931;S
20240117;100048;2638.600000000;10;9411058933;B
20240117;100048;2637.200000000;47;9411059024;S
20240117;100048;2637.200000000;42;9411059025;S
20240117;100050;2637.000000000;3;9411059238;S
20240117;100051;2637.000000000;1;9411059401;S
20240117;100051;2637.000000000;4;9411059402;S
20240117;100051;2638.600000000;1;9411059514;S
20240117;100051;2637.000000000;1;9411059515;S
20240117;100051;2636.800000000;2;9411059516;S
20240117;100051;2636.600000000;43;9411059522;S
20240117;100051;2636.400000000;50;9411059523;S
20240117;100051;2636.200000000;10;9411059524;S
20240117;100051;2636.200000000;21;9411059525;S
20240117;100051;2636.200000000;47;9411059526;S
20240117;100051;2636.000000000;10;9411059527;S
20240117;100051;2636.000000000;10;9411059528;S
20240117;100051;2636.000000000;1;9411059529;S
20240117;100051;2636.000000000;50;9411059530;S
20240117;100051;2635.400000000;1;9411059531;S
20240117;100051;2635.200000000;10;9411059532;S
20240117;100051;2635.200000000;1;9411059533;S
20240117;100051;2635.200000000;50;9411059534;S
20240117;100051;2635.200000000;96;9411059535;S
20240117;100052;2637.000000000;4;9411059685;S
20240117;100053;2638.800000000;1;9411059840;B
20240117;100053;2637.200000000;38;9411059931;S
20240117;100053;2637.200000000;50;9411059932;S
20240117;100053;2637.000000000;27;9411059933;S
20240117;100054;2637.200000000;50;9411060091;S
20240117;100054;2637.000000000;50;9411060092;S
20240117;100054;2637.200000000;50;9411060181;S
20240117;100054;2637.000000000;19;9411060182;S
20240117;100054;2637.000000000;1;9411060183;S
20240117;100054;2636.800000000;10;9411060184;S
20240117;100055;2639.000000000;14;9411060399;B
20240117;100055;2639.000000000;6;9411060400;B
20240117;100055;2639.200000000;1;9411060401;B
20240117;100055;2639.400000000;1;9411060402;B
20240117;100055;2639.400000000;78;9411060403;B
20240117;100055;2637.200000000;1;9411060487;S
20240117;100056;2639.200000000;1;9411060672;B
20240117;100057;2637.400000000;1;9411060742;S
20240117;100057;2639.200000000;4;9411060745;B
20240117;100057;2639.400000000;1;9411060746;B
20240117;100057;2637.400000000;4;9411060753;S
20240117;100057;2637.200000000;8;9411060754;S
20240117;100059;2639.000000000;2;9411061143;B
20240117;100059;2637.600000000;5;9411061185;S
20240117;100059;2637.400000000;10;9411061186;S
20240117;100059;2637.400000000;5;9411061187;S
20240117;100059;2637.400000000;10;9411061188;S
20240117;100059;2637.000000000;50;9411061191;S
20240117;100059;2637.000000000;20;9411061192;S
20240117;100100;2639.000000000;3;9411061468;B
20240117;100100;2639.200000000;5;9411061469;B
20240117;100100;2639.600000000;200;9411061470;B
20240117;100100;2640.000000000;11;9411061471;B
20240117;100100;2640.000000000;1;9411061472;B
20240117;100100;2641.400000000;20;9411061473;B
20240117;100100;2641.400000000;38;9411061474;B
20240117;100100;2641.600000000;50;9411061475;B
20240117;100100;2641.600000000;47;9411061476;B
20240117;100100;2641.800000000;5;9411061477;B
20240117;100100;2642.000000000;5;9411061478;B
20240117;100100;2642.200000000;4;9411061479;B
20240117;100100;2642.200000000;50;9411061480;B
20240117;100100;2642.400000000;5;9411061481;B
20240117;100100;2642.600000000;5;9411061482;B
20240117;100100;2642.600000000;50;9411061483;B
20240117;100100;2643.200000000;75;9411061484;B
20240117;100100;2643.400000000;50;9411061485;B
20240117;100100;2643.600000000;100;9411061486;B
20240117;100100;2643.600000000;190;9411061487;B
20240117;100100;2643.800000000;86;9411061488;B
20240117;100100;2643.400000000;38;9411061489;B
20240117;100101;2643.600000000;3;9411061777;B
20240117;100102;2643.400000000;47;9411061909;S
20240117;100102;2643.600000000;2;9411061948;B
20240117;100103;2644.200000000;15;9411062160;B
20240117;100103;2644.000000000;47;9411062163;B
20240117;100103;2644.200000000;23;9411062164;B
20240117;100103;2644.200000000;1;9411062213;S
20240117;100107;2644.200000000;1;9411062998;S
20240117;100112;2644.200000000;1;9411063960;S
20240117;100114;2644.200000000;27;9411064251;S
20240117;100114;2642.400000000;5;9411064252;S
20240117;100114;2641.600000000;38;9411064253;S
20240117;100118;2643.200000000;5;9411064973;B
20240117;100122;2640.600000000;119;9411065741;S
20240117;100122;2640.600000000;27;9411065742;S
20240117;100124;2643.000000000;1;9411066431;B
20240117;100124;2643.200000000;1;9411066432;B
20240117;100128;2642.600000000;10;9411067271;B
20240117;100129;2640.000000000;10;9411067434;B
20240117;100129;2640.000000000;20;9411067435;B
20240117;100130;2639.800000000;1;9411067552;S
20240117;100130;2638.000000000;25;9411067553;S
20240117;100130;2638.000000000;24;9411067554;S
20240117;100133;2640.000000000;4;9411068122;B
20240117;100134;2640.000000000;1;9411068394;B
20240117;100136;2638.600000000;1;9411068645;S
20240117;100136;2638.200000000;37;9411068646;S
20240117;100140;2639.800000000;2;9411069260;B
20240117;100141;2637.600000000;2;9411069381;S
20240117;100141;2638.000000000;1;9411069384;B
20240117;100142;2637.600000000;2;9411069465;S
20240117;100145;2638.000000000;1;9411070042;B
20240117;100146;2638.000000000;1;9411070188;B
20240117;100146;2638.200000000;3;9411070219;S
20240117;100146;2638.200000000;5;9411070220;S
20240117;100148;2640.000000000;2;9411070611;B
20240117;100200;2638.400000000;2;9411072776;S
20240117;100200;2638.200000000;7;9411072777;S
20240117;100200;2638.200000000;3;9411072831;S
20240117;100200;2638.000000000;3;9411072832;S
20240117;100200;2638.000000000;1;9411072833;S
20240117;100200;2637.600000000;5;9411072834;S
20240117;100200;2637.600000000;47;9411072835;S
20240117;100200;2637.400000000;5;9411072836;S
20240117;100201;2639.200000000;25;9411072970;B
20240117;100201;2639.600000000;1;9411073066;B
20240117;100203;2639.000000000;1;9411073431;B
20240117;100204;2638.000000000;1;9411073551;S
20240117;100204;2638.000000000;10;9411073553;B
20240117;100204;2638.000000000;2;9411073554;B
20240117;100204;2638.600000000;8;9411073558;B
20240117;100204;2637.600000000;1;9411073621;S
20240117;100204;2639.200000000;1;9411073629;B
20240117;100205;2637.600000000;49;9411073771;S
20240117;100205;2637.400000000;5;9411073772;S
20240117;100205;2637.200000000;47;9411073773;S
20240117;100205;2637.200000000;200;9411073774;S
20240117;100205;2637.000000000;1;9411073775;S
20240117;100205;2637.000000000;2;9411073776;S
20240117;100205;2637.000000000;1;9411073777;S
20240117;100205;2637.000000000;1;9411073778;S
20240117;100205;2637.000000000;2;9411073779;S
20240117;100205;2637.000000000;50;9411073780;S
20240117;100205;2637.000000000;61;9411073781;S
20240117;100205;2636.800000000;81;9411073782;S
20240117;100205;2637.000000000;4;9411073794;S
20240117;100206;2638.800000000;4;9411073879;B
20240117;100206;2638.400000000;20;9411073933;B
20240117;100207;2638.800000000;3;9411074141;B
20240117;100210;2638.800000000;1;9411074952;B
20240117;100211;2638.000000000;1;9411075248;S
20240117;100211;2637.600000000;50;9411075249;S
20240117;100211;2637.000000000;38;9411075250;S
20240117;100211;2636.800000000;13;9411075251;S
20240117;100213;2638.400000000;10;9411075498;B
20240117;100214;2636.800000000;6;9411075654;S
20240117;100215;2638.400000000;7;9411075751;B
20240117;100215;2638.400000000;33;9411075752;B
20240117;100220;2638.000000000;100;9411076592;B
20240117;100220;2638.600000000;1;9411076617;B
20240117;100220;2638.800000000;100;9411076686;B
20240117;100220;2639.000000000;75;9411076687;B
20240117;100220;2639.200000000;2;9411076688;B
20240117;100220;2639.600000000;47;9411076689;B
20240117;100220;2639.600000000;40;9411076690;B
20240117;100220;2639.800000000;45;9411076691;B
20240117;100220;2639.800000000;5;9411076693;B
20240117;100220;2639.800000000;1;9411076694;B
20240117;100221;2640.000000000;4;9411076695;B
20240117;100221;2640.000000000;4;9411076696;B
20240117;100221;2640.000000000;6;9411076697;B
20240117;100221;2640.000000000;4;9411076701;B
20240117;100221;2640.000000000;7;9411076702;B
20240117;100221;2640.000000000;1;9411076703;B
20240117;100222;2640.000000000;50;9411076985;B
20240117;100223;2638.200000000;11;9411077147;S
20240117;100230;2640.000000000;5;9411078190;B
20240117;100232;2640.000000000;100;9411078501;B
20240117;100232;2640.000000000;25;9411078544;B
20240117;100233;2640.000000000;5;9411078683;B
20240117;100233;2640.000000000;37;9411078690;B
20240117;100233;2640.000000000;20;9411078691;B
20240117;100234;2640.000000000;3;9411078849;B
20240117;100235;2639.800000000;1;9411078990;S
20240117;100237;2639.800000000;20;9411079288;S
20240117;100238;2640.000000000;17;9411079453;B
20240117;100238;2640.000000000;16;9411079454;B
20240117;100238;2640.000000000;67;9411079455;B
20240117;100238;2640.000000000;6;9411079502;B
20240117;100238;2640.000000000;20;9411079503;B
20240117;100238;2640.000000000;24;9411079504;B
20240117;100238;2639.800000000;1;9411079532;S
20240117;100239;2640.000000000;5;9411079557;B
20240117;100239;2639.800000000;1;9411079567;S
20240117;100239;2639.800000000;1;9411079579;S
20240117;100239;2640.000000000;1;9411079603;B
20240117;100239;2640.000000000;5;9411079605;B
20240117;100239;2641.400000000;2;9411079640;B
20240117;100249;2641.000000000;8;9411081054;B
20240117;100250;2640.600000000;3;9411081198;S
20240117;100253;2640.400000000;2;9411081486;S
20240117;100253;2640.400000000;4;9411081487;S
20240117;100253;2641.000000000;1;9411081554;B
20240117;100257;2641.000000000;1;9411082243;B
20240117;100302;2640.400000000;10;9411083128;B
20240117;100303;2640.400000000;1;9411083224;B
20240117;100303;2640.200000000;1;9411083245;S
20240117;100307;2640.000000000;18;9411084183;S
20240117;100309;2640.400000000;4;9411084500;B
20240117;100309;2640.400000000;2;9411084501;B
20240117;100309;2640.600000000;4;9411084502;B
20240117;100310;2640.200000000;12;9411084686;S
20240117;100310;2640.200000000;2;9411084687;S
20240117;100310;2640.200000000;36;9411084688;S
20240117;100314;2641.000000000;20;9411085070;B
20240117;100324;2640.600000000;5;9411086769;S
20240117;100324;2640.600000000;1;9411086770;S
20240117;100324;2640.200000000;5;9411086771;S
20240117;100324;2640.200000000;32;9411086772;S
20240117;100329;2640.600000000;1;9411087379;S
20240117;100329;2641.000000000;2;9411087381;B
20240117;100333;2640.800000000;2;9411088044;S
20240117;100333;2640.600000000;8;9411088045;S
20240117;100334;2640.600000000;1;9411088122;S
20240117;100337;2641.000000000;6;9411088803;B
20240117;100337;2641.000000000;5;9411088804;B
20240117;100337;2641.000000000;23;9411088805;B
20240117;100337;2641.000000000;200;9411088806;B
20240117;100337;2641.200000000;30;9411088807;B
20240117;100337;2641.200000000;1;9411088808;B
20240117;100337;2641.400000000;198;9411088809;B
20240117;100338;2642.800000000;4;9411089006;B
20240117;100339;2641.600000000;2;9411089123;S
20240117;100339;2641.600000000;3;9411089124;S
20240117;100343;2641.800000000;2;9411089623;S
20240117;100343;2641.600000000;8;9411089624;S
20240117;100344;2643.000000000;1;9411089809;B
20240117;100345;2641.800000000;2;9411089914;S
20240117;100345;2641.600000000;13;9411089915;S
20240117;100351;2641.600000000;2;9411090896;S
20240117;100351;2641.200000000;7;9411090897;S
20240117;100356;2642.800000000;2;9411091680;B
20240117;100358;2642.800000000;1;9411092072;B
20240117;100358;2642.800000000;3;9411092094;B
20240117;100358;2642.800000000;50;9411092095;B
20240117;100358;2642.800000000;2;9411092096;B
20240117;100358;2642.800000000;28;9411092097;B
20240117;100358;2643.000000000;24;9411092098;B
20240117;100358;2643.200000000;1;9411092099;B
20240117;100401;2643.200000000;3;9411092528;S
20240117;100402;2644.000000000;5;9411092734;B
20240117;100403;2644.400000000;2;9411092867;B
20240117;100403;2644.400000000;2;9411092868;B
20240117;100403;2644.600000000;1;9411092869;B
20240117;100403;2644.200000000;1;9411092877;B
20240117;100409;2644.600000000;50;9411093833;B
20240117;100409;2644.800000000;20;9411093834;B
20240117;100409;2644.800000000;2;9411093835;B
20240117;100409;2644.800000000;1;9411093836;B
20240117;100409;2645.000000000;2;9411093837;B
20240117;100409;2645.000000000;175;9411093838;B
20240117;100409;2645.000000000;50;9411093928;B
20240117;100409;2645.000000000;5;9411093943;B
20240117;100410;2645.000000000;5;9411093985;B
20240117;100410;2645.000000000;5;9411094016;B
20240117;100410;2645.000000000;5;9411094029;B
20240117;100410;2645.000000000;5;9411094054;B
20240117;100410;2645.000000000;5;9411094066;B
20240117;100410;2645.000000000;1;9411094072;B
20240117;100410;2645.000000000;50;9411094120;B
20240117;100411;2645.000000000;2;9411094171;B
20240117;100411;2645.000000000;1;9411094196;B
20240117;100411;2645.000000000;5;9411094224;B
20240117;100411;2645.000000000;5;9411094251;B
20240117;100412;2645.000000000;681;9411094333;B
20240117;100412;2645.000000000;4;9411094334;B
20240117;100412;2645.000000000;39;9411094335;B
20240117;100412;2645.200000000;3;9411094336;B
20240117;100412;2645.600000000;18;9411094337;B
20240117;100412;2645.600000000;30;9411094338;B
20240117;100412;2645.800000000;47;9411094339;B
20240117;100412;2646.000000000;50;9411094340;B
20240117;100412;2646.600000000;128;9411094341;B
20240117;100412;2646.600000000;25;9411094394;B
20240117;100412;2646.400000000;20;9411094395;S
20240117;100413;2646.600000000;50;9411094455;B
20240117;100413;2646.600000000;5;9411094468;B
20240117;100413;2646.600000000;100;9411094490;B
20240117;100414;2646.600000000;3;9411094522;B
20240117;100414;2646.800000000;5;9411094523;B
20240117;100415;2646.800000000;10;9411094701;B
20240117;100416;2646.800000000;5;9411094820;B
20240117;100416;2647.000000000;1;9411094831;B
20240117;100422;2646.800000000;5;9411095884;B
20240117;100422;2647.000000000;3;9411095921;B
20240117;100422;2647.000000000;36;9411095937;B
20240117;100422;2647.000000000;50;9411095938;B
20240117;100422;2647.000000000;10;9411095939;B
20240117;100422;2647.000000000;178;9411095940;B
20240117;100423;2646.800000000;5;9411095993;S
20240117;100423;2646.600000000;2;9411095994;S
20240117;100423;2646.600000000;1;9411095995;S
20240117;100423;2646.400000000;5;9411095996;S
20240117;100423;2646.400000000;29;9411095997;S
20240117;100423;2647.000000000;10;9411096018;B
20240117;100424;2646.800000000;25;9411096251;B
20240117;100424;2647.000000000;39;9411096252;B
20240117;100424;2647.000000000;1;9411096253;B
20240117;100424;2647.000000000;6;9411096254;B
20240117;100424;2647.000000000;22;9411096255;B
20240117;100424;2647.000000000;20;9411096256;B
20240117;100424;2647.000000000;100;9411096257;B
20240117;100424;2647.200000000;6;9411096258;B
20240117;100424;2647.200000000;1;9411096259;B
20240117;100424;2647.200000000;39;9411096260;B
20240117;100424;2647.200000000;2;9411096261;B
20240117;100424;2647.200000000;6;9411096262;B
20240117;100424;2647.200000000;1;9411096263;B
20240117;100424;2647.400000000;1;9411096264;B
20240117;100424;2647.400000000;31;9411096265;B
20240117;100424;2647.400000000;19;9411096266;B
20240117;100425;2647.000000000;100;9411096326;B
20240117;100428;2647.400000000;1;9411096821;B
20240117;100429;2646.600000000;3;9411096992;S
20240117;100430;2646.600000000;1;9411097104;B
20240117;100433;2646.400000000;70;9411097671;S
20240117;100433;2646.400000000;10;9411097672;S
20240117;100434;2646.600000000;1;9411097710;B
20240117;100439;2646.600000000;100;9411098492;B
20240117;100439;2646.600000000;33;9411098493;B
20240117;100439;2646.600000000;25;9411098494;B
20240117;100439;2646.600000000;1;9411098495;B
20240117;100439;2646.600000000;1;9411098496;B
20240117;100439;2646.400000000;1;9411098593;S
20240117;100441;2646.400000000;1;9411098887;S
20240117;100441;2646.400000000;10;9411098926;S
20240117;100441;2646.200000000;3;9411098927;S
20240117;100441;2646.000000000;7;9411098928;S
20240117;100441;2646.600000000;2;9411098979;B
20240117;100441;2646.600000000;2;9411099024;B
20240117;100441;2646.800000000;33;9411099025;B
20240117;100441;2646.800000000;3;9411099026;B
20240117;100441;2646.800000000;262;9411099027;B
20240117;100441;2646.000000000;1;9411099045;S
20240117;100444;2646.000000000;1;9411099430;S
20240117;100444;2645.800000000;3;9411099431;S
20240117;100444;2645.600000000;5;9411099432;S
20240117;100444;2645.400000000;38;9411099433;S
20240117;100444;2645.200000000;26;9411099434;S
20240117;100452;2646.600000000;1;9411100871;B
20240117;100455;2645.200000000;13;9411101433;S
20240117;100455;2645.000000000;3;9411101434;S
20240117;100455;2645.000000000;5;9411101435;S
20240117;100456;2646.600000000;1;9411101640;B
20240117;100501;2646.000000000;3;9411102450;B
20240117;100501;2646.000000000;2;9411102526;B
20240117;100505;2646.000000000;2;9411103084;B
20240117;100505;2646.000000000;50;9411103085;B
20240117;100516;2645.600000000;3;9411104813;S
20240117;100516;2645.200000000;5;9411104814;S
20240117;100517;2646.400000000;48;9411104871;B
20240117;100519;2646.200000000;5;9411105109;B
20240117;100519;2646.200000000;3;9411105110;B
20240117;100519;2646.200000000;33;9411105111;B
20240117;100519;2646.400000000;2;9411105112;B
20240117;100519;2646.400000000;57;9411105113;B
20240117;100519;2645.400000000;3;9411105239;S
20240117;100519;2645.200000000;72;9411105240;S
20240117;100519;2645.000000000;1;9411105241;S
20240117;100519;2645.000000000;24;9411105242;S
20240117;100522;2645.600000000;5;9411105668;B
20240117;100522;2645.800000000;5;9411105669;B
20240117;100523;2646.000000000;2;9411106013;B
20240117;100527;2646.000000000;20;9411106564;B
20240117;100529;2645.000000000;36;9411106741;S
20240117;100529;2645.000000000;59;9411106742;S
20240117;100529;2645.000000000;105;9411106860;B
20240117;100529;2645.000000000;3;9411106861;B
20240117;100529;2645.400000000;32;9411106862;B
20240117;100529;2646.000000000;4;9411106863;B
20240117;100529;2646.000000000;6;9411106864;B
20240117;100530;2646.000000000;2;9411106964;B
20240117;100532;2645.200000000;2;9411107538;S
20240117;100538;2645.400000000;3;9411108471;B
20240117;100538;2645.800000000;32;9411108472;B
20240117;100538;2646.000000000;98;9411108473;B
20240117;100538;2646.000000000;20;9411108474;B
20240117;100538;2646.400000000;236;9411108475;B
20240117;100538;2646.400000000;1;9411108476;B
20240117;100538;2646.600000000;1;9411108477;B
20240117;100538;2646.600000000;1;9411108478;B
20240117;100538;2646.600000000;50;9411108479;B
20240117;100538;2646.600000000;40;9411108480;B
20240117;100538;2646.800000000;18;9411108481;B
20240117;100542;2646.600000000;1;9411108955;S
20240117;100543;2646.600000000;3;9411109064;B
20240117;100543;2646.800000000;92;9411109065;B
20240117;100543;2646.800000000;20;9411109066;B
20240117;100543;2646.800000000;5;9411109067;B
20240117;100543;2646.800000000;200;9411109068;B
20240117;100543;2646.800000000;33;9411109069;B
20240117;100543;2647.000000000;50;9411109070;B
20240117;100543;2647.000000000;2;9411109071;B
20240117;100543;2647.400000000;6;9411109072;B
20240117;100543;2647.400000000;12;9411109073;B
20240117;100543;2647.800000000;2;9411109074;B
20240117;100543;2647.800000000;1;9411109075;B
20240117;100543;2647.800000000;10;9411109076;B
20240117;100543;2647.800000000;40;9411109077;B
20240117;100543;2648.000000000;21;9411109078;B
20240117;100543;2648.000000000;3;9411109079;B
20240117;100543;2647.200000000;1;9411109160;S
20240117;100543;2648.000000000;5;9411109170;B
20240117;100544;2648.000000000;2;9411109215;B
20240117;100544;2648.000000000;8;9411109216;B
20240117;100544;2648.200000000;20;9411109217;B
20240117;100544;2648.600000000;1;9411109237;B
20240117;100544;2648.600000000;9;9411109238;B
20240117;100545;2649.000000000;50;9411109300;B
20240117;100545;2649.000000000;28;9411109334;B
20240117;100546;2649.000000000;72;9411109576;B
20240117;100546;2649.000000000;15;9411109577;B
20240117;100546;2649.000000000;1;9411109578;B
20240117;100546;2649.200000000;5;9411109579;B
20240117;100546;2649.200000000;7;9411109580;B
20240117;100553;2648.200000000;1;9411110473;S
20240117;100554;2648.200000000;3;9411110640;S
20240117;100556;2648.600000000;1;9411111083;B
20240117;100556;2648.000000000;1;9411111098;S
20240117;100557;2647.200000000;1;9411111253;S
20240117;100557;2648.000000000;1;9411111343;S
20240117;100558;2648.000000000;3;9411111462;B
20240117;100558;2648.000000000;22;9411111463;B
20240117;100559;2646.600000000;5;9411111540;S
20240117;100601;2648.000000000;32;9411111897;B
20240117;100601;2648.000000000;1;9411111898;B
20240117;100601;2648.000000000;40;9411111899;B
20240117;100601;2648.200000000;3;9411111900;B
20240117;100601;2648.600000000;19;9411111901;B
20240117;100601;2648.600000000;50;9411111902;B
20240117;100601;2648.800000000;61;9411111903;B
20240117;100601;2649.000000000;20;9411111904;B
20240117;100601;2649.000000000;75;9411111905;B
20240117;100601;2649.200000000;50;9411111906;B
20240117;100601;2649.400000000;50;9411111907;B
20240117;100601;2649.800000000;5;9411111908;B
20240117;100601;2649.800000000;50;9411111909;B
20240117;100601;2649.800000000;47;9411111910;B
20240117;100601;2650.000000000;3;9411111911;B
20240117;100601;2650.000000000;39;9411111912;B
20240117;100601;2650.000000000;19;9411111913;B
20240117;100601;2650.000000000;20;9411111914;B
20240117;100601;2650.000000000;20;9411111915;B
20240117;100601;2650.400000000;10;9411111916;B
20240117;100601;2650.400000000;100;9411111917;B
20240117;100601;2650.600000000;50;9411111918;B
20240117;100601;2650.600000000;36;9411111919;B
20240117;100601;2649.800000000;70;9411111920;B
20240117;100601;2650.800000000;115;9411111921;B
20240117;100602;2649.800000000;10;9411112056;B
20240117;100603;2649.800000000;2;9411112202;B
20240117;100605;2649.800000000;2;9411112493;B
20240117;100606;2650.000000000;1;9411112717;B
20240117;100607;2650.000000000;24;9411112827;B
20240117;100607;2650.200000000;1;9411112828;B
20240117;100608;2649.400000000;7;9411112899;S
20240117;100610;2651.000000000;113;9411113177;B
20240117;100610;2651.200000000;1;9411113178;B
20240117;100610;2651.200000000;3;9411113179;B
20240117;100610;2651.400000000;32;9411113180;B
20240117;100610;2651.600000000;1;9411113181;B
20240117;100610;2651.600000000;47;9411113182;B
20240117;100610;2651.800000000;50;9411113183;B
20240117;100610;2651.800000000;40;9411113184;B
20240117;100610;2652.000000000;100;9411113185;B
20240117;100610;2652.000000000;2;9411113186;B
20240117;100610;2652.000000000;50;9411113187;B
20240117;100610;2652.400000000;50;9411113188;B
20240117;100610;2652.600000000;1;9411113189;B
20240117;100610;2652.600000000;100;9411113190;B
20240117;100610;2652.800000000;50;9411113191;B
20240117;100610;2653.000000000;30;9411113192;B
20240117;100610;2653.000000000;100;9411113193;B
20240117;100610;2653.400000000;50;9411113194;B
20240117;100610;2653.600000000;1;9411113195;B
20240117;100610;2653.600000000;1;9411113196;B
20240117;100610;2653.600000000;40;9411113197;B
20240117;100610;2654.200000000;37;9411113198;B
20240117;100610;2654.400000000;101;9411113199;B
20240117;100611;2653.600000000;4;9411113255;B
20240117;100611;2653.400000000;47;9411113320;B
20240117;100611;2653.600000000;40;9411113321;B
20240117;100611;2653.800000000;3;9411113322;B
20240117;100611;2653.800000000;32;9411113323;B
20240117;100611;2654.800000000;50;9411113324;B
20240117;100611;2654.800000000;17;9411113325;B
20240117;100611;2655.000000000;11;9411113326;B
20240117;100612;2654.000000000;18;9411113392;B
20240117;100612;2654.200000000;21;9411113407;B
20240117;100612;2654.200000000;32;9411113408;B
20240117;100612;2654.200000000;20;9411113409;B
20240117;100612;2654.200000000;27;9411113497;B
20240117;100612;2654.400000000;3;9411113498;B
20240117;100612;2654.400000000;32;9411113499;B
20240117;100612;2654.800000000;15;9411113500;B
20240117;100612;2655.000000000;4;9411113501;B
20240117;100612;2655.000000000;2;9411113502;B
20240117;100612;2655.000000000;97;9411113503;B
20240117;100612;2654.800000000;47;9411113507;B
20240117;100612;2654.800000000;3;9411113508;B
20240117;100613;2654.400000000;5;9411113635;B
20240117;100615;2653.800000000;1;9411113844;S
20240117;100615;2653.000000000;3;9411113845;S
20240117;100615;2653.000000000;38;9411113846;S
20240117;100615;2652.800000000;8;9411113847;S
20240117;100617;2653.000000000;10;9411114169;B
20240117;100617;2653.000000000;3;9411114170;B
20240117;100617;2653.000000000;32;9411114171;B
20240117;100617;2653.400000000;5;9411114172;B
20240117;100620;2652.400000000;1;9411114569;S
20240117;100623;2651.800000000;3;9411114851;S
20240117;100623;2651.600000000;2;9411114852;S
20240117;100623;2651.800000000;50;9411114885;B
20240117;100623;2651.800000000;3;9411114886;B
20240117;100623;2652.000000000;31;9411114887;B
20240117;100623;2652.200000000;50;9411114888;B
20240117;100623;2652.400000000;4;9411114889;B
20240117;100623;2653.000000000;47;9411114890;B
20240117;100623;2653.600000000;38;9411114891;B
20240117;100623;2653.800000000;8;9411114892;B
20240117;100623;2653.800000000;50;9411114893;B
20240117;100623;2654.000000000;1;9411114894;B
20240117;100623;2654.400000000;91;9411114895;B
20240117;100623;2654.400000000;100;9411114896;B
20240117;100623;2654.600000000;20;9411114897;B
20240117;100623;2654.600000000;100;9411114898;B
20240117;100623;2654.600000000;50;9411114899;B
20240117;100623;2654.800000000;100;9411114900;B
20240117;100623;2655.000000000;28;9411114901;B
20240117;100623;2655.000000000;3;9411114902;B
20240117;100623;2655.000000000;25;9411114903;B
20240117;100623;2655.000000000;10;9411114904;B
20240117;100623;2655.000000000;191;9411114905;B
20240117;100623;2654.200000000;47;9411114906;B
20240117;100623;2654.200000000;3;9411114907;S
20240117;100623;2653.800000000;5;9411114934;B
20240117;100623;2654.400000000;38;9411114935;B
20240117;100623;2654.600000000;31;9411114936;B
20240117;100623;2654.800000000;50;9411114937;B
20240117;100623;2654.800000000;3;9411114938;B
20240117;100623;2654.800000000;47;9411114939;B
20240117;100623;2655.000000000;26;9411114940;B
20240117;100624;2654.600000000;6;9411114961;B
20240117;100625;2654.600000000;32;9411115222;B
20240117;100625;2654.800000000;19;9411115223;B
20240117;100625;2654.800000000;3;9411115224;B
20240117;100625;2655.000000000;146;9411115225;B
20240117;100627;2654.000000000;2;9411115614;B
20240117;100627;2654.000000000;1;9411115645;B
20240117;100627;2654.000000000;17;9411115711;B
20240117;100627;2654.800000000;38;9411115712;B
20240117;100627;2654.800000000;32;9411115713;B
20240117;100627;2655.000000000;113;9411115714;B
20240117;100628;2655.000000000;100;9411115759;B
20240117;100629;2655.000000000;200;9411115987;B
20240117;100629;2655.000000000;50;9411115988;B
20240117;100631;2655.000000000;9;9411116264;B
20240117;100632;2655.000000000;1;9411116277;B
20240117;100636;2655.000000000;8;9411116850;B
20240117;100636;2654.800000000;1;9411116866;S
20240117;100636;2654.600000000;10;9411116932;S
20240117;100637;2654.400000000;34;9411117036;B
20240117;100637;2654.400000000;3;9411117037;B
20240117;100637;2654.400000000;13;9411117038;S
20240117;100638;2654.600000000;100;9411117103;B
20240117;100638;2654.800000000;34;9411117104;B
20240117;100638;2655.000000000;6;9411117105;B
20240117;100638;2655.000000000;20;9411117106;B
20240117;100638;2655.000000000;10;9411117107;B
20240117;100638;2655.000000000;1;9411117108;B
20240117;100638;2655.000000000;18;9411117109;S
20240117;100638;2655.000000000;2;9411117175;B
20240117;100638;2655.200000000;1;9411117176;B
20240117;100638;2655.800000000;2;9411117186;B
20240117;100638;2655.800000000;50;9411117187;B
20240117;100638;2656.000000000;48;9411117188;B
20240117;100638;2655.600000000;50;9411117230;S
20240117;100639;2656.000000000;3;9411117243;B
20240117;100640;2655.400000000;1;9411117467;S
20240117;100640;2655.200000000;10;9411117508;S
20240117;100640;2655.400000000;35;9411117557;B
20240117;100640;2655.800000000;38;9411117558;B
20240117;100640;2656.000000000;427;9411117559;B
20240117;100641;2656.000000000;1;9411117688;B
20240117;100643;2656.000000000;21;9411117874;B
20240117;100643;2656.000000000;20;9411117875;B
20240117;100643;2656.000000000;3;9411117876;B
20240117;100643;2656.200000000;35;9411117877;B
20240117;100643;2656.400000000;2;9411117878;B
20240117;100643;2656.600000000;19;9411117879;B
20240117;100643;2656.800000000;47;9411117880;B
20240117;100643;2657.400000000;4;9411117881;B
20240117;100643;2657.600000000;2;9411117882;B
20240117;100643;2657.600000000;50;9411117883;B
20240117;100643;2657.800000000;364;9411117884;B
20240117;100643;2658.000000000;368;9411117885;B
20240117;100643;2658.000000000;65;9411117886;B
20240117;100643;2657.000000000;3;9411117904;S
20240117;100643;2657.000000000;5;9411117905;S
20240117;100643;2658.000000000;35;9411117983;B
20240117;100643;2658.000000000;2;9411117984;B
20240117;100643;2658.000000000;12;9411117985;B
20240117;100643;2658.000000000;2;9411117986;B
20240117;100643;2658.000000000;50;9411117987;B
20240117;100643;2658.200000000;1;9411117988;B
20240117;100643;2658.200000000;11;9411117989;B
20240117;100643;2657.000000000;45;9411117990;S
20240117;100643;2657.000000000;48;9411117991;B
20240117;100644;2657.400000000;17;9411118009;B
20240117;100644;2657.600000000;34;9411118010;B
20240117;100644;2657.800000000;19;9411118011;B
20240117;100644;2657.000000000;10;9411118012;S
20240117;100645;2657.800000000;11;9411118134;B
20240117;100645;2658.000000000;1;9411118135;B
20240117;100645;2658.000000000;50;9411118136;B
20240117;100645;2658.200000000;3;9411118137;B
20240117;100645;2658.200000000;34;9411118138;B
20240117;100645;2658.400000000;106;9411118139;B
20240117;100645;2658.400000000;47;9411118140;B
20240117;100645;2658.600000000;1;9411118141;B
20240117;100645;2658.800000000;100;9411118142;B
20240117;100645;2659.000000000;112;9411118143;B
20240117;100645;2659.000000000;20;9411118144;B
20240117;100645;2659.000000000;15;9411118145;B
20240117;100645;2659.000000000;11;9411118179;B
20240117;100645;2659.000000000;15;9411118299;B
20240117;100646;2658.800000000;1;9411118353;B
20240117;100649;2658.000000000;3;9411118775;B
20240117;100649;2658.400000000;35;9411118776;B
20240117;100649;2658.600000000;50;9411118777;B
20240117;100649;2659.000000000;112;9411118778;B
20240117;100650;2658.000000000;30;9411118866;B
20240117;100650;2658.200000000;35;9411118867;B
20240117;100650;2659.000000000;35;9411118868;B
20240117;100650;2657.600000000;1;9411118886;S
20240117;100650;2657.600000000;1;9411118888;S
20240117;100652;2657.600000000;2;9411119077;S
20240117;100653;2659.000000000;23;9411119169;B
20240117;100653;2659.000000000;89;9411119229;B
20240117;100653;2659.000000000;1;9411119230;B
20240117;100653;2659.000000000;10;9411119231;B
20240117;100653;2659.200000000;10;9411119232;B
20240117;100653;2659.200000000;1;9411119233;B
20240117;100653;2659.200000000;4;9411119234;B
20240117;100653;2659.600000000;19;9411119261;B
20240117;100653;2659.800000000;2;9411119262;B
20240117;100653;2659.800000000;1;9411119263;B
20240117;100653;2659.800000000;2;9411119264;B
20240117;100653;2660.000000000;6;9411119265;B
20240117;100654;2658.000000000;50;9411119307;S
20240117;100654;2658.000000000;27;9411119308;S
20240117;100654;2659.600000000;38;9411119310;B
20240117;100654;2659.600000000;15;9411119311;B
20240117;100654;2659.800000000;47;9411119312;B
20240117;100654;2660.000000000;14;9411119327;B
20240117;100654;2660.000000000;1;9411119328;B
20240117;100654;2660.000000000;2;9411119329;B
20240117;100654;2659.600000000;1;9411119393;B
20240117;100654;2659.800000000;4;9411119394;B
20240117;100655;2659.800000000;3;9411119491;B
20240117;100655;2659.800000000;3;9411119492;B
20240117;100655;2660.000000000;2;9411119493;B
20240117;100655;2660.000000000;22;9411119494;B
20240117;100655;2658.000000000;1;9411119497;S
20240117;100655;2659.800000000;4;9411119531;B
20240117;100655;2659.800000000;22;9411119532;B
20240117;100655;2659.800000000;17;9411119533;B
20240117;100655;2660.000000000;24;9411119554;B
20240117;100657;2659.600000000;1;9411119898;B
20240117;100657;2659.800000000;2;9411119913;B
20240117;100657;2659.800000000;3;9411119914;B
20240117;100657;2659.800000000;15;9411119915;B
20240117;100658;2658.200000000;40;9411120011;S
20240117;100658;2658.000000000;1;9411120012;S
20240117;100658;2658.000000000;9;9411120013;S
20240117;100659;2659.400000000;1;9411120193;B
20240117;100659;2659.400000000;20;9411120194;B
20240117;100659;2659.400000000;9;9411120200;B
20240117;100659;2658.000000000;2;9411120202;S
20240117;100700;2658.000000000;15;9411120379;S
20240117;100700;2658.000000000;4;9411120451;S
20240117;100701;2658.800000000;20;9411120603;B
20240117;100701;2658.800000000;1;9411120772;B
20240117;100701;2659.000000000;3;9411120773;B
20240117;100701;2659.000000000;19;9411120774;B
20240117;100701;2659.200000000;34;9411120775;B
20240117;100701;2659.400000000;38;9411120776;B
20240117;100701;2659.600000000;5;9411120777;B
20240117;100701;2659.200000000;7;9411120797;B
20240117;100701;2659.400000000;50;9411120798;B
20240117;100701;2659.600000000;122;9411120799;B
20240117;100701;2659.600000000;34;9411120800;B
20240117;100701;2659.600000000;47;9411120801;B
20240117;100701;2659.800000000;50;9411120802;B
20240117;100701;2659.800000000;3;9411120803;B
20240117;100701;2660.000000000;104;9411120804;B
20240117;100701;2660.000000000;19;9411120805;B
20240117;100701;2660.000000000;25;9411120806;B
20240117;100701;2660.000000000;20;9411120807;B
20240117;100701;2660.000000000;13;9411120808;B
20240117;100701;2660.000000000;15;9411120809;B
20240117;100702;2660.000000000;185;9411120816;B
20240117;100702;2660.000000000;10;9411120817;B
20240117;100702;2660.200000000;26;9411120818;B
20240117;100702;2660.200000000;3;9411120819;B
20240117;100702;2660.200000000;34;9411120820;B
20240117;100702;2660.200000000;47;9411120821;B
20240117;100702;2660.400000000;23;9411120822;B
20240117;100702;2660.800000000;10;9411120823;B
20240117;100702;2660.800000000;30;9411120824;B
20240117;100702;2661.200000000;1;9411120825;B
20240117;100702;2661.400000000;100;9411120826;B
20240117;100702;2661.400000000;31;9411120827;B
20240117;100702;2660.000000000;1;9411120876;B
20240117;100702;2661.000000000;3;9411120877;B
20240117;100702;2661.000000000;46;9411120878;B
20240117;100702;2661.200000000;34;9411120879;B
20240117;100702;2661.600000000;231;9411120880;B
20240117;100703;2661.200000000;10;9411120929;B
20240117;100703;2659.800000000;1;9411120977;S
20240117;100704;2660.000000000;1;9411121061;B
20240117;100704;2660.000000000;2;9411121064;B
20240117;100704;2659.600000000;5;9411121068;S
20240117;100707;2659.200000000;50;9411121401;S
20240117;100707;2659.000000000;100;9411121402;S
20240117;100707;2658.800000000;3;9411121403;S
20240117;100707;2658.600000000;50;9411121404;S
20240117;100707;2658.400000000;4;9411121405;S
20240117;100707;2658.400000000;47;9411121406;S
20240117;100707;2658.200000000;200;9411121407;S
20240117;100707;2658.200000000;46;9411121408;S
20240117;100707;2659.800000000;34;9411121412;B
20240117;100707;2659.800000000;3;9411121413;B
20240117;100707;2659.800000000;2;9411121414;B
20240117;100707;2659.800000000;50;9411121415;B
20240117;100707;2660.000000000;103;9411121416;B
20240117;100707;2658.200000000;28;9411121417;S
20240117;100708;2660.000000000;59;9411121590;B
20240117;100708;2660.000000000;30;9411121591;B
20240117;100708;2660.000000000;5;9411121592;B
20240117;100708;2660.200000000;3;9411121593;B
20240117;100708;2660.200000000;3;9411121594;B
20240117;100710;2659.800000000;8;9411121863;B
20240117;100711;2659.400000000;2;9411121989;B
20240117;100711;2659.400000000;3;9411121990;B
20240117;100711;2659.400000000;2;9411121991;B
20240117;100711;2659.600000000;28;9411121992;B
20240117;100712;2659.800000000;42;9411122038;B
20240117;100712;2660.000000000;100;9411122039;B
20240117;100712;2660.000000000;100;9411122040;B
20240117;100712;2660.000000000;3;9411122041;B
20240117;100712;2660.000000000;20;9411122042;B
20240117;100713;2660.600000000;100;9411122130;B
20240117;100717;2659.800000000;10;9411122626;B
20240117;100717;2661.000000000;2;9411122679;B
20240117;100717;2661.000000000;3;9411122680;B
20240117;100717;2661.000000000;33;9411122681;B
20240117;100717;2661.200000000;19;9411122682;B
20240117;100717;2661.200000000;46;9411122683;B
20240117;100717;2661.400000000;2;9411122684;B
20240117;100718;2660.200000000;7;9411122832;B
20240117;100718;2661.200000000;1;9411122833;B
20240117;100718;2661.600000000;42;9411122834;B
20240117;100718;2661.600000000;27;9411122837;B
20240117;100718;2661.600000000;33;9411122838;B
20240117;100718;2661.600000000;46;9411122839;B
20240117;100718;2661.800000000;50;9411122840;B
20240117;100718;2661.800000000;3;9411122841;B
20240117;100718;2662.000000000;10;9411122842;B
20240117;100718;2662.000000000;2;9411122843;B
20240117;100718;2662.000000000;10;9411122844;B
20240117;100718;2662.000000000;10;9411122845;B
20240117;100718;2662.000000000;2;9411122846;B
20240117;100718;2662.200000000;50;9411122847;B
20240117;100718;2662.200000000;40;9411122848;B
20240117;100718;2662.200000000;1;9411122849;B
20240117;100718;2662.400000000;51;9411122850;B
20240117;100719;2662.000000000;4;9411122961;S
20240117;100720;2660.200000000;5;9411123139;S
20240117;100720;2660.000000000;3;9411123140;S
20240117;100720;2660.000000000;2;9411123141;B
20240117;100720;2662.000000000;2;9411123144;B
20240117;100720;2662.000000000;3;9411123145;B
20240117;100720;2662.200000000;50;9411123146;B
20240117;100720;2662.200000000;33;9411123147;B
20240117;100720;2662.400000000;32;9411123148;B
20240117;100722;2662.400000000;2;9411123368;B
20240117;100723;2660.400000000;1;9411123464;S
20240117;100723;2660.400000000;2;9411123465;S
20240117;100723;2660.200000000;56;9411123466;B
20240117;100723;2660.400000000;1;9411123526;S
20240117;100724;2661.800000000;3;9411123537;B
20240117;100724;2661.800000000;1;9411123538;B
20240117;100724;2662.000000000;10;9411123545;B
20240117;100724;2662.000000000;20;9411123546;S
20240117;100724;2661.600000000;2;9411123639;B
20240117;100724;2661.800000000;3;9411123640;S
20240117;100725;2662.200000000;7;9411123678;B
20240117;100726;2661.800000000;66;9411123771;S
20240117;100726;2661.800000000;4;9411123807;B
20240117;100726;2661.800000000;2;9411123840;B
20240117;100726;2662.000000000;20;9411123841;B
20240117;100726;2662.000000000;3;9411123842;B
20240117;100726;2662.200000000;43;9411123843;B
20240117;100726;2662.200000000;38;9411123844;B
20240117;100726;2662.200000000;30;9411123845;B
20240117;100726;2662.400000000;48;9411123846;B
20240117;100726;2662.400000000;100;9411123847;B
20240117;100726;2662.400000000;5;9411123848;B
20240117;100726;2662.600000000;11;9411123849;B
20240117;100727;2660.800000000;2;9411123972;S
20240117;100727;2660.600000000;2;9411123973;S
20240117;100727;2660.600000000;3;9411123974;S
20240117;100727;2660.600000000;38;9411123975;S
20240117;100727;2660.600000000;50;9411123976;S
20240117;100727;2660.400000000;5;9411123977;S
20240117;100727;2662.600000000;3;9411124044;B
20240117;100730;2661.600000000;2;9411124372;B
20240117;100730;2661.800000000;38;9411124373;B
20240117;100730;2661.800000000;3;9411124374;B
20240117;100730;2661.800000000;30;9411124375;B
20240117;100730;2662.000000000;200;9411124376;B
20240117;100730;2662.600000000;6;9411124377;B
20240117;100730;2662.600000000;1;9411124378;B
20240117;100730;2662.600000000;1;9411124379;B
20240117;100730;2662.600000000;2;9411124380;B
20240117;100730;2662.600000000;1;9411124381;B
20240117;100730;2662.600000000;46;9411124382;B
20240117;100730;2662.800000000;20;9411124383;B
20240117;100730;2662.800000000;100;9411124384;B
20240117;100730;2662.800000000;100;9411124385;B
20240117;100730;2662.800000000;50;9411124386;B
20240117;100730;2662.800000000;30;9411124387;B
20240117;100730;2663.000000000;25;9411124388;B
20240117;100730;2663.000000000;100;9411124389;B
20240117;100730;2663.000000000;1;9411124390;B
20240117;100730;2663.200000000;20;9411124391;B
20240117;100730;2663.200000000;24;9411124392;B
20240117;100731;2662.000000000;9;9411124724;B
20240117;100731;2662.000000000;98;9411124725;B
20240117;100731;2662.200000000;3;9411124726;B
20240117;100731;2662.200000000;30;9411124727;B
20240117;100732;2662.400000000;60;9411124763;S
20240117;100732;2661.200000000;1;9411124809;S
20240117;100733;2661.200000000;1;9411125008;S
20240117;100734;2662.400000000;5;9411125163;B
20240117;100734;2662.200000000;50;9411125182;S
20240117;100735;2662.400000000;5;9411125239;B
20240117;100735;2662.600000000;2;9411125240;B
20240117;100735;2662.800000000;3;9411125241;B
20240117;100735;2662.800000000;30;9411125242;B
20240117;100735;2662.800000000;1;9411125243;B
20240117;100735;2663.000000000;13;9411125244;B
20240117;100735;2663.000000000;38;9411125245;B
20240117;100735;2663.200000000;76;9411125246;B
20240117;100735;2663.200000000;100;9411125247;B
20240117;100735;2663.200000000;32;9411125248;B
20240117;100736;2663.200000000;68;9411125400;B
20240117;100736;2663.200000000;20;9411125401;B
20240117;100736;2663.400000000;4;9411125402;B
20240117;100736;2663.400000000;1;9411125403;B
20240117;100736;2663.400000000;1907;9411125404;B
20240117;100736;2663.400000000;93;9411125405;B
20240117;100736;2663.400000000;4;9411125470;B
20240117;100736;2663.400000000;16;9411125483;B
20240117;100736;2663.400000000;18;9411125484;B
20240117;100736;2663.400000000;14;9411125500;B
20240117;100737;2663.400000000;4;9411125510;B
20240117;100737;2663.400000000;4;9411125548;B
20240117;100737;2663.400000000;4;9411125567;B
20240117;100737;2663.400000000;4;9411125602;B
20240117;100737;2663.600000000;1;9411125603;B
20240117;100737;2663.600000000;20;9411125604;B
20240117;100737;2662.800000000;3;9411125646;S
20240117;100738;2663.600000000;4;9411125680;B
20240117;100738;2663.600000000;4;9411125689;B
20240117;100739;2663.600000000;72;9411125765;B
20240117;100740;2663.600000000;1;9411126004;S
20240117;100740;2663.800000000;3;9411126005;B
20240117;100740;2663.800000000;10;9411126006;B
20240117;100740;2663.800000000;3;9411126009;S
20240117;100741;2663.800000000;2;9411126137;S
20240117;100742;2663.400000000;5;9411126315;B
20240117;100742;2663.800000000;3;9411126316;B
20240117;100742;2663.800000000;30;9411126317;B
20240117;100742;2664.000000000;20;9411126318;B
20240117;100742;2664.000000000;15;9411126319;B
20240117;100742;2664.000000000;6;9411126320;B
20240117;100742;2664.200000000;25;9411126321;B
20240117;100742;2664.200000000;50;9411126322;B
20240117;100742;2664.400000000;2;9411126323;B
20240117;100742;2664.600000000;1;9411126324;B
20240117;100742;2664.600000000;1;9411126325;B
20240117;100742;2664.800000000;1;9411126326;B
20240117;100742;2664.800000000;2;9411126327;B
20240117;100742;2664.800000000;1;9411126328;B
20240117;100742;2665.000000000;2;9411126329;B
20240117;100742;2665.000000000;1836;9411126330;B
20240117;100742;2665.000000000;105;9411126334;B
20240117;100746;2663.400000000;3;9411126723;S
20240117;100746;2663.400000000;3;9411126787;S
20240117;100746;2663.400000000;11;9411126788;S
20240117;100747;2664.000000000;2;9411127004;S
20240117;100748;2662.600000000;3;9411127085;S
20240117;100748;2662.600000000;1;9411127086;S
20240117;100748;2662.600000000;6;9411127087;S
20240117;100749;2662.800000000;1;9411127193;B
20240117;100751;2664.000000000;15;9411127566;S
20240117;100752;2664.000000000;3;9411127708;B
20240117;100752;2664.000000000;38;9411127709;B
20240117;100752;2664.200000000;2;9411127710;B
20240117;100752;2664.200000000;4;9411127711;B
20240117;100752;2664.200000000;30;9411127712;B
20240117;100752;2664.400000000;4;9411127713;B
20240117;100752;2664.400000000;4;9411127714;B
20240117;100752;2664.400000000;4;9411127715;B
20240117;100752;2664.600000000;1;9411127716;B
20240117;100752;2664.600000000;4;9411127717;B
20240117;100752;2664.800000000;50;9411127718;B
20240117;100752;2665.000000000;218;9411127719;B
20240117;100755;2662.800000000;3;9411128073;S
20240117;100755;2662.800000000;4;9411128074;S
20240117;100756;2663.200000000;1;9411128174;S
20240117;100756;2663.800000000;2;9411128249;B
20240117;100756;2663.800000000;30;9411128250;B
20240117;100756;2664.000000000;3;9411128251;B
20240117;100756;2664.200000000;15;9411128252;B
20240117;100758;2663.200000000;1;9411128483;S
20240117;100758;2662.800000000;2;9411128486;S
20240117;100758;2662.600000000;1;9411128487;S
20240117;100758;2662.200000000;2;9411128561;S
20240117;100802;2663.000000000;2;9411129284;B
20240117;100804;2663.000000000;1;9411129528;B
20240117;100804;2662.400000000;2;9411129532;S
20240117;100804;2662.200000000;48;9411129533;S
20240117;100806;2662.200000000;1;9411129827;S
20240117;100808;2662.200000000;44;9411130134;S
20240117;100809;2662.400000000;1;9411130217;B
20240117;100809;2662.000000000;200;9411130284;S
20240117;100809;2662.000000000;50;9411130285;S
20240117;100809;2662.000000000;2;9411130286;S
20240117;100810;2661.400000000;50;9411130367;S
20240117;100813;2661.600000000;10;9411130964;B
20240117;100814;2661.800000000;2;9411131051;B
20240117;100817;2661.600000000;10;9411131354;B
20240117;100817;2661.200000000;9;9411131459;S
20240117;100826;2661.000000000;20;9411132563;S
20240117;100827;2660.800000000;2;9411132690;S
20240117;100827;2660.600000000;1;9411132694;S
20240117;100827;2661.000000000;3;9411132697;B
20240117;100827;2661.200000000;100;9411132698;B
20240117;100827;2661.200000000;2;9411132699;B
20240117;100827;2661.200000000;28;9411132700;B
20240117;100827;2661.200000000;67;9411132701;S
20240117;100827;2660.600000000;1;9411132725;S
20240117;100828;2661.000000000;10;9411132895;S
20240117;100831;2660.600000000;18;9411133278;S
20240117;100834;2660.400000000;4;9411133738;S
20240117;100834;2660.400000000;50;9411133739;S
20240117;100834;2660.400000000;2;9411133740;S
20240117;100834;2660.200000000;12;9411133741;S
20240117;100834;2660.200000000;20;9411133742;S
20240117;100834;2660.000000000;58;9411133743;S
20240117;100834;2660.000000000;5;9411133744;S
20240117;100834;2660.000000000;1;9411133745;S
20240117;100834;2660.000000000;120;9411133746;S
20240117;100834;2660.000000000;100;9411133747;S
20240117;100834;2660.000000000;46;9411133748;S
20240117;100834;2659.800000000;20;9411133749;S
20240117;100834;2659.800000000;2;9411133750;S
20240117;100834;2660.000000000;2;9411133889;B
20240117;100835;2659.800000000;2;9411133963;B
20240117;100835;2660.000000000;4;9411133964;B
20240117;100843;2659.200000000;1;9411134787;S
20240117;100843;2659.200000000;2;9411134788;S
20240117;100843;2659.200000000;1;9411134789;S
20240117;100843;2658.400000000;4;9411134853;S
20240117;100845;2658.400000000;11;9411135044;S
20240117;100847;2658.600000000;3;9411135251;S
20240117;100847;2658.400000000;35;9411135252;S
20240117;100847;2658.400000000;47;9411135253;S
20240117;100847;2658.200000000;3;9411135254;S
20240117;100847;2658.200000000;2;9411135255;S
20240117;100847;2658.200000000;50;9411135256;S
20240117;100847;2658.000000000;60;9411135257;S
20240117;100847;2659.600000000;5;9411135263;B
20240117;100847;2659.600000000;7;9411135264;B
20240117;100847;2659.800000000;1;9411135265;B
20240117;100851;2659.600000000;2;9411135747;B
20240117;100852;2659.600000000;23;9411135882;B
20240117;100852;2659.800000000;7;9411135883;B
20240117;100854;2659.800000000;30;9411136213;B
20240117;100854;2659.800000000;2;9411136214;B
20240117;100854;2660.000000000;68;9411136215;B
20240117;100856;2659.800000000;22;9411136368;B
20240117;100859;2658.800000000;1;9411136704;S
20240117;100904;2659.000000000;1;9411137372;B
20240117;100905;2658.800000000;1;9411137602;S
20240117;100906;2659.600000000;1;9411137677;B
20240117;100906;2659.800000000;7;9411137678;B
20240117;100906;2658.800000000;1;9411137698;S
20240117;100908;2659.600000000;1;9411137873;B
20240117;100908;2659.800000000;11;9411137874;B
20240117;100908;2659.800000000;4;9411138025;B
20240117;100909;2659.600000000;2;9411138029;S
20240117;100909;2659.600000000;1;9411138100;S
20240117;100909;2659.600000000;4;9411138101;S
20240117;100909;2659.000000000;2;9411138102;S
20240117;100910;2659.000000000;1;9411138140;B
20240117;100910;2659.000000000;2;9411138192;B
20240117;100912;2659.000000000;11;9411138510;B
20240117;100913;2659.600000000;1;9411138675;B
20240117;100913;2659.800000000;2;9411138676;B
20240117;100913;2660.000000000;1;9411138677;B
20240117;100913;2660.000000000;1;9411138678;B
20240117;100913;2660.000000000;2;9411138735;B
20240117;100913;2660.000000000;3;9411138736;B
20240117;100913;2660.000000000;26;9411138737;B
20240117;100913;2660.000000000;1;9411138738;B
20240117;100913;2660.400000000;2;9411138739;B
20240117;100913;2661.000000000;3;9411138740;B
20240117;100913;2661.600000000;6;9411138741;B
20240117;100914;2661.800000000;2;9411138818;B
20240117;100917;2660.200000000;2;9411139101;S
20240117;100917;2659.800000000;1;9411139102;S
20240117;100919;2661.400000000;2;9411139313;B
20240117;100919;2661.400000000;2;9411139314;B
20240117;100919;2661.400000000;1;9411139315;B
20240117;100919;2661.600000000;1;9411139316;B
20240117;100919;2661.600000000;38;9411139317;B
20240117;100919;2661.800000000;6;9411139318;B
20240117;100922;2660.200000000;1;9411139682;S
20240117;100922;2660.000000000;2;9411139683;S
20240117;100922;2660.000000000;2;9411139684;S
20240117;100922;2660.000000000;3;9411139685;S
20240117;100922;2660.000000000;12;9411139686;S
20240117;100923;2660.000000000;1;9411139828;B
20240117;100923;2661.400000000;1;9411139829;B
20240117;100924;2661.000000000;23;9411139914;B
20240117;100924;2661.200000000;2;9411139915;B
20240117;100924;2661.200000000;2;9411139916;B
20240117;100924;2661.600000000;2;9411139917;B
20240117;100924;2661.600000000;38;9411139918;B
20240117;100924;2661.800000000;7;9411139919;B
20240117;100925;2661.800000000;92;9411140019;B
20240117;100925;2662.000000000;4;9411140020;B
20240117;100925;2662.000000000;2;9411140021;B
20240117;100925;2662.000000000;15;9411140022;B
20240117;100925;2662.000000000;144;9411140023;B
20240117;100925;2662.000000000;10;9411140024;B
20240117;100925;2662.000000000;2;9411140025;B
20240117;100925;2662.200000000;1;9411140026;B
20240117;100925;2662.400000000;1;9411140041;B
20240117;100925;2662.400000000;20;9411140042;B
20240117;100926;2662.200000000;1;9411140114;S
20240117;100926;2662.600000000;2;9411140152;B
20240117;100929;2662.400000000;2;9411140448;S
20240117;100929;2662.200000000;38;9411140449;S
20240117;100929;2662.200000000;40;9411140450;S
20240117;100929;2662.000000000;8;9411140451;S
20240117;100931;2662.400000000;1;9411140778;B
20240117;100931;2662.600000000;8;9411140779;B
20240117;100931;2662.800000000;2;9411140780;B
20240117;100931;2663.000000000;1;9411140781;B
20240117;100931;2663.000000000;8;9411140782;B
20240117;100934;2662.400000000;3;9411141210;S
20240117;100937;2663.000000000;2;9411141493;B
20240117;100937;2663.000000000;2;9411141494;B
20240117;100937;2663.000000000;120;9411141495;S
20240117;100937;2663.000000000;1;9411141511;S
20240117;100938;2663.200000000;1;9411141620;B
20240117;100938;2663.200000000;1;9411141621;B
20240117;100938;2663.400000000;4;9411141622;B
20240117;100938;2663.400000000;10;9411141623;B
20240117;100938;2663.400000000;31;9411141702;S
20240117;100938;2663.600000000;1;9411141749;B
20240117;100940;2663.200000000;2;9411141910;S
20240117;100944;2663.200000000;1;9411142390;B
20240117;100944;2663.400000000;4;9411142391;B
20240117;100944;2663.000000000;1;9411142393;S
20240117;100945;2663.400000000;8;9411142426;B
20240117;100945;2663.400000000;2;9411142427;B
20240117;100945;2663.600000000;11;9411142428;B
20240117;100945;2663.600000000;1;9411142429;B
20240117;100945;2663.800000000;18;9411142430;B
20240117;100945;2663.000000000;64;9411142452;S
20240117;100945;2663.000000000;2;9411142453;S
20240117;100945;2663.000000000;2;9411142454;S
20240117;100945;2663.000000000;10;9411142455;S
20240117;100945;2662.800000000;145;9411142456;S
20240117;100947;2662.800000000;12;9411142675;S
20240117;100947;2662.800000000;12;9411142700;S
20240117;100947;2662.800000000;31;9411142720;S
20240117;100948;2662.800000000;100;9411142738;S
20240117;100948;2662.800000000;100;9411142739;S
20240117;100948;2662.800000000;100;9411142740;S
20240117;100948;2662.800000000;100;9411142741;S
20240117;100948;2662.800000000;100;9411142742;S
20240117;100948;2662.800000000;100;9411142743;S
20240117;100948;2662.800000000;100;9411142744;S
20240117;100948;2662.800000000;100;9411142745;S
20240117;100948;2662.800000000;100;9411142746;S
20240117;100948;2662.800000000;100;9411142747;S
20240117;100948;2662.800000000;100;9411142748;S
20240117;100948;2662.800000000;100;9411142749;S
20240117;100948;2662.800000000;100;9411142750;S
20240117;100948;2662.800000000;100;9411142751;S
20240117;100948;2662.800000000;100;9411142752;S
20240117;100948;2662.800000000;100;9411142753;S
20240117;100948;2662.800000000;100;9411142754;S
20240117;100948;2662.800000000;100;9411142755;S
20240117;100948;2662.800000000;100;9411142756;S
20240117;100948;2662.800000000;100;9411142757;S
20240117;100948;2662.800000000;100;9411142758;S
20240117;100948;2662.800000000;100;9411142759;S
20240117;100948;2662.800000000;100;9411142760;S
20240117;100948;2662.800000000;100;9411142761;S
20240117;100948;2662.800000000;100;9411142762;S
20240117;100948;2662.800000000;100;9411142763;S
20240117;100948;2662.800000000;100;9411142764;S
20240117;100948;2662.800000000;100;9411142765;S
20240117;100948;2662.800000000;100;9411142766;S
20240117;100948;2662.800000000;100;9411142767;S
20240117;100948;2662.800000000;100;9411142768;S
20240117;100948;2662.800000000;100;9411142769;S
20240117;100948;2662.800000000;100;9411142770;S
20240117;100948;2662.800000000;100;9411142771;S
20240117;100948;2662.800000000;100;9411142772;S
20240117;100948;2662.800000000;100;9411142773;S
20240117;100948;2662.800000000;100;9411142774;S
20240117;100948;2662.800000000;100;9411142775;S
20240117;100948;2662.800000000;100;9411142776;S
20240117;100948;2662.800000000;100;9411142777;S
20240117;100948;2662.800000000;100;9411142778;S
20240117;100948;2662.800000000;100;9411142779;S
20240117;100948;2662.800000000;100;9411142780;S
20240117;100948;2662.800000000;100;9411142781;S
20240117;100948;2662.800000000;100;9411142782;S
20240117;100948;2662.800000000;100;9411142783;S
20240117;100948;2662.800000000;100;9411142784;S
20240117;100948;2662.800000000;100;9411142785;S
20240117;100948;2662.800000000;100;9411142786;S
20240117;100948;2662.800000000;100;9411142787;S
20240117;100948;2662.800000000;100;9411142788;S
20240117;100948;2662.800000000;100;9411142789;S
20240117;100948;2662.800000000;100;9411142790;S
20240117;100948;2662.800000000;100;9411142791;S
20240117;100948;2662.800000000;100;9411142792;S
20240117;100948;2662.800000000;100;9411142793;S
20240117;100948;2662.800000000;100;9411142794;S
20240117;100948;2662.800000000;100;9411142795;S
20240117;100948;2662.800000000;100;9411142796;S
20240117;100948;2662.800000000;100;9411142797;S
20240117;100948;2662.800000000;100;9411142798;S
20240117;100948;2662.800000000;100;9411142799;S
20240117;100948;2662.800000000;100;9411142800;S
20240117;100948;2662.800000000;100;9411142801;S
20240117;100948;2662.800000000;100;9411142802;S
20240117;100948;2662.800000000;100;9411142803;S
20240117;100948;2662.800000000;100;9411142804;S
20240117;100948;2662.800000000;100;9411142805;S
20240117;100948;2662.800000000;100;9411142806;S
20240117;100948;2662.800000000;100;9411142807;S
20240117;100948;2662.800000000;100;9411142808;S
20240117;100948;2662.800000000;100;9411142809;S
20240117;100948;2662.800000000;100;9411142811;S
20240117;100948;2662.800000000;100;9411142812;S
20240117;100948;2662.800000000;100;9411142813;S
20240117;100948;2662.800000000;100;9411142814;S
20240117;100948;2662.800000000;100;9411142815;S
20240117;100948;2662.800000000;100;9411142816;S
20240117;100948;2662.800000000;100;9411142817;S
20240117;100948;2662.800000000;100;9411142818;S
20240117;100948;2662.800000000;100;9411142819;S
20240117;100948;2662.800000000;100;9411142820;S
20240117;100948;2662.800000000;100;9411142821;S
20240117;100948;2662.800000000;100;9411142822;S
20240117;100948;2662.800000000;100;9411142823;S
20240117;100948;2662.800000000;100;9411142824;S
20240117;100948;2662.800000000;100;9411142825;S
20240117;100948;2662.800000000;100;9411142826;S
20240117;100948;2662.800000000;100;9411142827;S
20240117;100948;2662.800000000;100;9411142828;S
20240117;100948;2662.800000000;100;9411142829;S
20240117;100948;2662.800000000;100;9411142830;S
20240117;100948;2662.800000000;100;9411142831;S
20240117;100948;2662.800000000;100;9411142832;S
20240117;100948;2662.800000000;100;9411142833;S
20240117;100948;2662.800000000;100;9411142834;S
20240117;100948;2662.800000000;100;9411142835;S
20240117;100948;2662.800000000;100;9411142836;S
20240117;100948;2662.600000000;5;9411142897;S
20240117;100949;2662.400000000;1;9411142965;S
20240117;100949;2662.000000000;1;9411142967;S
20240117;100949;2661.800000000;4;9411142968;S
20240117;100949;2662.400000000;1;9411142974;B
20240117;100949;2661.800000000;1;9411142981;S
20240117;100950;2661.600000000;3;9411143105;S
20240117;100950;2661.600000000;1;9411143124;S
20240117;100950;2661.600000000;1;9411143125;S
20240117;100951;2661.600000000;14;9411143234;S
20240117;100951;2660.200000000;2;9411143257;S
20240117;100951;2660.200000000;36;9411143258;S
20240117;100951;2660.000000000;1;9411143268;S
20240117;100953;2661.000000000;40;9411143403;B
20240117;100953;2661.000000000;1;9411143404;B
20240117;100953;2661.200000000;2;9411143405;B
20240117;100953;2661.400000000;10;9411143406;B
20240117;100953;2661.600000000;5;9411143407;B
20240117;100953;2661.800000000;2;9411143426;B
20240117;100954;2661.600000000;2;9411143490;S
20240117;100954;2660.200000000;1;9411143491;S
20240117;100956;2660.200000000;1;9411143813;S
20240117;100957;2660.200000000;45;9411143918;S
20240117;100957;2660.000000000;4;9411143919;S
20240117;100957;2660.000000000;5;9411143920;S
20240117;100957;2660.000000000;10;9411143921;S
20240117;100957;2660.000000000;50;9411143922;S
20240117;100957;2659.800000000;5;9411143923;S
20240117;100958;2659.600000000;10;9411144136;S
20240117;100958;2659.800000000;10;9411144146;B
20240117;100958;2659.800000000;3;9411144213;B
20240117;101001;2659.400000000;1;9411144635;B
20240117;101001;2659.600000000;1;9411144636;B
20240117;101002;2659.200000000;2;9411144657;S
20240117;101003;2659.400000000;3;9411144827;B
20240117;101005;2659.400000000;5;9411144980;B
20240117;101005;2659.400000000;5;9411144981;B
20240117;101005;2659.600000000;9;9411144982;B
20240117;101005;2659.600000000;38;9411144983;B
20240117;101005;2659.800000000;5;9411144984;B
20240117;101005;2659.800000000;109;9411144985;B
20240117;101005;2659.800000000;2;9411144986;B
20240117;101005;2660.000000000;327;9411144987;B
20240117;101006;2659.800000000;3;9411145149;B
20240117;101009;2659.800000000;1;9411145303;B
20240117;101009;2659.200000000;1;9411145408;S
20240117;101009;2659.000000000;25;9411145409;S
20240117;101009;2659.000000000;26;9411145410;S
20240117;101009;2659.000000000;2;9411145411;S
20240117;101009;2658.800000000;13;9411145412;S
20240117;101010;2659.800000000;5;9411145746;B
20240117;101011;2658.200000000;1;9411145810;S
20240117;101011;2658.000000000;40;9411145811;S
20240117;101011;2658.000000000;4;9411145812;S
20240117;101011;2658.000000000;47;9411145813;S
20240117;101011;2657.800000000;8;9411145814;S
20240117;101013;2659.800000000;1;9411146140;B
20240117;101016;2659.600000000;1;9411146472;B
20240117;101028;2659.400000000;2;9411147980;B
20240117;101028;2659.600000000;19;9411147981;B
20240117;101030;2659.800000000;2;9411148183;B
20240117;101034;2659.400000000;20;9411148539;S
20240117;101035;2659.600000000;1;9411148654;B
20240117;101035;2659.600000000;1;9411148655;B
20240117;101035;2659.600000000;3;9411148656;B
20240117;101036;2659.400000000;1;9411148761;S
20240117;101038;2659.600000000;26;9411149048;B
20240117;101039;2659.400000000;5;9411149107;S
20240117;101044;2659.600000000;1;9411149662;B
20240117;101044;2659.600000000;20;9411149663;B
20240117;101045;2659.000000000;1;9411149731;S
20240117;101049;2659.000000000;1;9411150173;S
20240117;101049;2659.000000000;5;9411150174;S
20240117;101049;2658.600000000;2;9411150175;S
20240117;101049;2658.600000000;2;9411150176;S
20240117;101049;2658.400000000;12;9411150177;S
20240117;101049;2658.200000000;1;9411150178;S
20240117;101049;2658.000000000;20;9411150179;S
20240117;101049;2658.000000000;1;9411150180;S
20240117;101049;2657.400000000;1;9411150250;S
20240117;101050;2657.000000000;2;9411150352;S
20240117;101053;2657.400000000;10;9411150740;B
20240117;101053;2657.400000000;20;9411150741;B
20240117;101054;2657.200000000;1;9411150993;S
20240117;101054;2657.400000000;70;9411151012;B
20240117;101054;2657.400000000;2;9411151013;B
20240117;101054;2657.800000000;38;9411151014;B
20240117;101054;2658.000000000;356;9411151015;B
20240117;101054;2659.200000000;20;9411151016;B
20240117;101054;2659.400000000;1;9411151017;B
20240117;101054;2659.400000000;6;9411151018;B
20240117;101054;2659.600000000;1;9411151019;B
20240117;101054;2659.600000000;1;9411151020;B
20240117;101054;2659.600000000;50;9411151021;B
20240117;101054;2659.600000000;100;9411151022;B
20240117;101054;2659.600000000;38;9411151023;B
20240117;101055;2659.600000000;2;9411151080;B
20240117;101055;2659.600000000;15;9411151103;B
20240117;101055;2659.800000000;50;9411151104;B
20240117;101055;2659.800000000;10;9411151105;B
20240117;101055;2659.800000000;5;9411151106;B
20240117;101055;2660.000000000;49;9411151107;B
20240117;101055;2660.000000000;233;9411151108;B
20240117;101055;2660.000000000;1;9411151109;B
20240117;101058;2661.400000000;3;9411151489;S
20240117;101058;2661.200000000;46;9411151490;S
20240117;101058;2661.200000000;20;9411151491;S
20240117;101058;2661.000000000;50;9411151492;S
20240117;101058;2661.000000000;1;9411151493;S
20240117;101058;2660.800000000;1;9411151494;S
20240117;101058;2660.600000000;64;9411151495;S
20240117;101058;2660.400000000;20;9411151496;S
20240117;101058;2660.400000000;50;9411151497;S
20240117;101058;2660.400000000;20;9411151498;S
20240117;101058;2660.200000000;199;9411151499;S
20240117;101058;2660.000000000;50;9411151500;S
20240117;101058;2660.000000000;476;9411151501;B
20240117;101058;2661.800000000;2;9411151502;B
20240117;101058;2661.800000000;10;9411151503;B
20240117;101058;2662.400000000;5;9411151549;B
20240117;101058;2662.800000000;3;9411151550;B
20240117;101058;2662.800000000;12;9411151551;B
20240117;101059;2662.800000000;48;9411151557;B
20240117;101059;2662.800000000;40;9411151558;S
20240117;101100;2661.800000000;1;9411151672;S
20240117;101100;2662.000000000;1;9411151722;B
20240117;101100;2662.600000000;1;9411151723;B
20240117;101100;2663.000000000;10;9411151724;B
20240117;101101;2662.000000000;2;9411151761;S
20240117;101101;2662.800000000;1;9411151810;B
20240117;101103;2662.200000000;1;9411152063;S
20240117;101103;2662.600000000;5;9411152108;B
20240117;101104;2662.600000000;45;9411152204;B
20240117;101104;2662.600000000;1;9411152205;B
20240117;101104;2662.800000000;50;9411152206;B
20240117;101104;2663.000000000;104;9411152207;B
20240117;101107;2663.000000000;1;9411152500;B
20240117;101108;2663.000000000;22;9411152637;B
20240117;101108;2663.000000000;10;9411152638;B
20240117;101108;2663.000000000;3;9411152639;B
20240117;101108;2663.200000000;8;9411152640;B
20240117;101108;2663.800000000;2;9411152641;B
20240117;101108;2663.800000000;20;9411152642;B
20240117;101108;2663.800000000;11;9411152643;B
20240117;101108;2664.000000000;19;9411152644;B
20240117;101108;2664.000000000;30;9411152645;B
20240117;101108;2664.000000000;5;9411152646;B
20240117;101108;2664.000000000;5;9411152647;B
20240117;101108;2664.200000000;4;9411152648;B
20240117;101108;2664.200000000;4;9411152649;B
20240117;101108;2664.200000000;20;9411152650;B
20240117;101108;2664.200000000;50;9411152651;B
20240117;101108;2664.400000000;20;9411152652;B
20240117;101108;2664.400000000;46;9411152653;B
20240117;101108;2664.600000000;10;9411152654;B
20240117;101108;2664.600000000;20;9411152655;B
20240117;101108;2664.600000000;5;9411152656;B
20240117;101108;2664.600000000;5;9411152657;B
20240117;101108;2664.600000000;50;9411152658;B
20240117;101108;2664.800000000;20;9411152659;B
20240117;101108;2664.800000000;1;9411152660;B
20240117;101108;2665.000000000;241;9411152661;B
20240117;101108;2665.000000000;1;9411152662;B
20240117;101108;2665.000000000;16;9411152663;B
20240117;101108;2665.000000000;25;9411152664;B
20240117;101108;2665.000000000;26;9411152665;B
20240117;101108;2665.000000000;100;9411152666;B
20240117;101108;2665.000000000;8;9411152667;B
20240117;101108;2665.000000000;1;9411152668;B
20240117;101108;2665.000000000;2;9411152669;B
20240117;101108;2665.000000000;1;9411152670;B
20240117;101108;2665.000000000;4;9411152671;B
20240117;101108;2665.000000000;5;9411152672;B
20240117;101108;2665.000000000;30;9411152673;B
20240117;101108;2665.000000000;50;9411152674;B
20240117;101108;2665.000000000;10;9411152675;B
20240117;101108;2665.000000000;4;9411152676;B
20240117;101108;2665.000000000;1;9411152677;B
20240117;101108;2665.000000000;50;9411152678;B
20240117;101108;2665.000000000;1;9411152679;B
20240117;101108;2665.400000000;1;9411152680;B
20240117;101108;2665.400000000;33;9411152681;B
20240117;101108;2665.400000000;2;9411152727;B
20240117;101110;2665.000000000;3;9411153107;B
20240117;101112;2665.000000000;5;9411153647;B
20240117;101112;2665.000000000;5;9411153691;B
20240117;101112;2665.200000000;3;9411153692;B
20240117;101112;2665.200000000;2;9411153693;B
20240117;101112;2665.200000000;46;9411153694;B
20240117;101112;2665.400000000;64;9411153695;B
20240117;101112;2665.400000000;16;9411153696;B
20240117;101113;2664.800000000;12;9411153826;S
20240117;101113;2664.800000000;7;9411153827;S
20240117;101114;2665.000000000;1;9411153919;B
20240117;101116;2665.000000000;1;9411154228;B
20240117;101118;2664.800000000;12;9411154436;S
20240117;101120;2663.200000000;3;9411154658;S
20240117;101120;2663.000000000;4;9411154659;S
20240117;101124;2664.400000000;2;9411154959;B
20240117;101124;2664.600000000;1;9411154960;B
20240117;101124;2664.600000000;4;9411154961;B
20240117;101124;2664.800000000;2;9411154962;B
20240117;101124;2665.000000000;1;9411154963;B
20240117;101124;2665.000000000;3;9411154964;B
20240117;101124;2665.000000000;10;9411154965;B
20240117;101124;2665.000000000;7;9411154966;B
20240117;101131;2663.800000000;1;9411155798;B
20240117;101131;2663.800000000;1;9411155805;B
20240117;101132;2662.800000000;2;9411155917;S
20240117;101132;2662.800000000;8;9411155918;S
20240117;101132;2663.600000000;3;9411155947;B
20240117;101132;2663.800000000;1;9411155948;B
20240117;101132;2663.800000000;23;9411155949;B
20240117;101132;2664.000000000;2;9411155950;B
20240117;101132;2664.000000000;38;9411155951;B
20240117;101139;2662.800000000;4;9411156552;S
20240117;101139;2663.200000000;3;9411156587;B
20240117;101139;2663.400000000;2;9411156588;B
20240117;101139;2663.400000000;22;9411156589;B
20240117;101139;2663.600000000;19;9411156590;B
20240117;101139;2663.800000000;1;9411156591;B
20240117;101139;2663.800000000;10;9411156592;B
20240117;101139;2663.800000000;3;9411156593;B
20240117;101139;2663.800000000;1;9411156594;B
20240117;101139;2663.800000000;217;9411156595;S
20240117;101140;2663.800000000;1;9411156640;B
20240117;101140;2664.000000000;1;9411156641;B
20240117;101143;2663.000000000;1;9411156950;S
20240117;101143;2662.800000000;1;9411156980;S
20240117;101144;2662.600000000;5;9411157060;S
20240117;101144;2661.400000000;2;9411157061;S
20240117;101144;2661.200000000;17;9411157062;S
20240117;101146;2663.000000000;2;9411157202;B
20240117;101146;2663.000000000;1;9411157203;B
20240117;101150;2662.800000000;5;9411157940;B
20240117;101150;2662.800000000;2;9411157941;B
20240117;101150;2662.800000000;2;9411157942;B
20240117;101150;2662.800000000;21;9411157943;B
20240117;101150;2662.800000000;94;9411157944;S
20240117;101152;2661.800000000;2;9411158128;S
20240117;101152;2661.600000000;1;9411158129;S
20240117;101152;2661.200000000;2;9411158130;S
20240117;101152;2661.000000000;3;9411158131;S
20240117;101153;2661.000000000;1;9411158260;S
20240117;101154;2662.600000000;1;9411158367;B
20240117;101154;2662.800000000;5;9411158368;B
20240117;101154;2662.800000000;21;9411158369;B
20240117;101154;2662.800000000;2;9411158370;B
20240117;101154;2663.000000000;19;9411158371;B
20240117;101154;2663.000000000;10;9411158372;B
20240117;101154;2663.000000000;46;9411158373;B
20240117;101154;2663.400000000;140;9411158374;B
20240117;101154;2663.600000000;3;9411158375;B
20240117;101154;2663.800000000;128;9411158376;B
20240117;101158;2663.400000000;2;9411158935;B
20240117;101158;2663.400000000;22;9411158936;B
20240117;101158;2663.600000000;2;9411158937;B
20240117;101158;2663.600000000;46;9411158938;B
20240117;101158;2664.000000000;1;9411158939;B
20240117;101158;2664.000000000;10;9411158940;B
20240117;101158;2664.200000000;1;9411158941;B
20240117;101158;2664.400000000;2;9411158942;B
20240117;101158;2664.400000000;50;9411158943;B
20240117;101158;2664.400000000;50;9411158944;B
20240117;101158;2664.800000000;1;9411158945;B
20240117;101158;2664.800000000;226;9411158946;B
20240117;101158;2664.800000000;1;9411158947;B
20240117;101158;2664.800000000;50;9411158948;B
20240117;101158;2665.000000000;300;9411158949;B
20240117;101158;2665.000000000;10;9411158950;B
20240117;101158;2665.000000000;1626;9411158951;B
20240117;101159;2664.800000000;46;9411159025;B
20240117;101159;2665.000000000;954;9411159026;B
20240117;101201;2664.600000000;1;9411159207;B
20240117;101201;2664.800000000;2;9411159208;B
20240117;101205;2664.200000000;1;9411159849;S
20240117;101206;2664.200000000;2;9411159959;S
20240117;101206;2664.000000000;1;9411159960;S
20240117;101206;2664.000000000;2;9411159961;S
20240117;101206;2664.000000000;1;9411159962;S
20240117;101209;2664.000000000;4;9411160259;B
20240117;101209;2663.800000000;34;9411160262;S
20240117;101209;2664.000000000;1;9411160323;B
20240117;101212;2663.800000000;1;9411160624;S
20240117;101212;2664.000000000;1;9411160627;B
20240117;101212;2663.800000000;3;9411160658;S
20240117;101213;2663.800000000;2;9411160701;S
20240117;101213;2663.800000000;1;9411160716;S
20240117;101213;2663.800000000;9;9411160734;S
20240117;101214;2664.000000000;38;9411160861;B
20240117;101214;2664.000000000;2;9411160862;B
20240117;101214;2664.000000000;10;9411160863;B
20240117;101214;2664.000000000;1;9411160864;B
20240117;101216;2664.200000000;6;9411161065;B
20240117;101216;2664.200000000;2;9411161072;B
20240117;101217;2664.000000000;1;9411161218;S
20240117;101217;2664.000000000;20;9411161277;S
20240117;101218;2664.000000000;79;9411161342;S
20240117;101218;2663.800000000;50;9411161343;S
20240117;101218;2663.600000000;2;9411161344;S
20240117;101218;2663.000000000;78;9411161345;S
20240117;101218;2662.800000000;20;9411161346;S
20240117;101218;2662.600000000;1;9411161347;S
20240117;101218;2662.400000000;1;9411161348;S
20240117;101218;2662.200000000;1;9411161349;S
20240117;101218;2662.000000000;1;9411161350;S
20240117;101218;2662.000000000;46;9411161351;S
20240117;101218;2661.800000000;50;9411161352;S
20240117;101218;2661.600000000;37;9411161353;S
20240117;101218;2661.600000000;152;9411161354;S
20240117;101218;2661.400000000;93;9411161355;S
20240117;101218;2661.200000000;20;9411161356;S
20240117;101218;2661.000000000;6;9411161357;S
20240117;101218;2661.000000000;50;9411161358;S
20240117;101218;2661.000000000;40;9411161359;S
20240117;101218;2660.800000000;200;9411161360;S
20240117;101218;2660.600000000;50;9411161361;S
20240117;101218;2660.200000000;1;9411161362;S
20240117;101218;2660.000000000;5;9411161363;S
20240117;101218;2660.000000000;30;9411161364;S
20240117;101218;2660.000000000;24;9411161365;S
20240117;101218;2659.800000000;50;9411161366;S
20240117;101218;2659.600000000;2;9411161367;S
20240117;101218;2659.600000000;11;9411161368;S
20240117;101220;2663.400000000;2;9411161642;B
20240117;101220;2663.400000000;3;9411161643;B
20240117;101220;2663.400000000;1;9411161644;B
20240117;101220;2663.600000000;1;9411161645;B
20240117;101220;2663.600000000;46;9411161646;B
20240117;101220;2663.800000000;10;9411161647;B
20240117;101220;2663.800000000;37;9411161648;B
20240117;101226;2662.400000000;1;9411162485;S
20240117;101229;2662.400000000;9;9411162770;S
20240117;101229;2662.200000000;50;9411162771;S
20240117;101229;2662.200000000;2;9411162772;S
20240117;101229;2662.200000000;145;9411162773;S
20240117;101229;2662.000000000;222;9411162774;S
20240117;101229;2662.000000000;46;9411162775;S
20240117;101229;2662.000000000;1;9411162799;B
20240117;101229;2662.000000000;223;9411162802;B
20240117;101229;2662.000000000;1;9411162840;B
20240117;101231;2662.000000000;1;9411163133;B
20240117;101232;2661.800000000;1;9411163197;S
20240117;101233;2662.000000000;64;9411163254;B
20240117;101233;2661.800000000;95;9411163346;S
20240117;101233;2661.600000000;2;9411163347;S
20240117;101233;2661.400000000;50;9411163348;S
20240117;101233;2661.200000000;100;9411163349;S
20240117;101233;2661.000000000;177;9411163350;S
20240117;101233;2660.800000000;46;9411163351;S
20240117;101233;2660.400000000;1;9411163352;S
20240117;101233;2660.200000000;50;9411163353;S
20240117;101233;2660.000000000;3;9411163354;S
20240117;101233;2660.000000000;20;9411163355;S
20240117;101233;2660.000000000;50;9411163356;S
20240117;101233;2660.000000000;1;9411163357;S
20240117;101233;2659.800000000;40;9411163394;S
20240117;101233;2659.800000000;40;9411163395;S
20240117;101233;2659.600000000;14;9411163396;S
20240117;101233;2659.600000000;1;9411163397;S
20240117;101233;2659.600000000;2;9411163398;S
20240117;101233;2659.400000000;103;9411163399;S
20240117;101234;2659.800000000;1;9411163416;B
20240117;101234;2659.400000000;3;9411163444;S
20240117;101234;2659.400000000;24;9411163507;S
20240117;101234;2659.400000000;20;9411163508;S
20240117;101235;2659.400000000;24;9411163520;S
20240117;101235;2659.600000000;4;9411163577;S
20240117;101235;2659.600000000;6;9411163578;S
20240117;101236;2659.800000000;24;9411163623;B
20240117;101236;2659.800000000;1;9411163624;B
20240117;101236;2659.800000000;2;9411163630;B
20240117;101239;2659.800000000;12;9411163940;B
20240117;101239;2659.800000000;1;9411163941;B
20240117;101239;2659.800000000;1;9411163942;B
20240117;101239;2659.800000000;1;9411163943;B
20240117;101239;2659.800000000;1;9411163944;B
20240117;101239;2659.800000000;1;9411163945;B
20240117;101239;2660.000000000;10;9411163946;B
20240117;101240;2659.800000000;6;9411164129;B
20240117;101241;2659.800000000;2;9411164265;B
20240117;101241;2659.800000000;8;9411164266;B
20240117;101241;2660.000000000;1423;9411164267;B
20240117;101243;2660.000000000;4;9411164528;B
20240117;101243;2660.000000000;375;9411164537;B
20240117;101243;2660.000000000;6;9411164594;B
20240117;101245;2660.000000000;1;9411164916;B
20240117;101246;2659.800000000;1;9411165092;S
20240117;101246;2660.000000000;2;9411165112;B
20240117;101247;2660.000000000;50;9411165228;B
20240117;101248;2659.800000000;1;9411165424;S
20240117;101249;2660.000000000;1534;9411165501;B
20240117;101251;2660.000000000;1;9411165753;B
20240117;101251;2659.800000000;4;9411165755;S
20240117;101251;2659.600000000;38;9411165756;S
20240117;101251;2659.600000000;58;9411165757;S
20240117;101251;2660.000000000;1082;9411165758;B
20240117;101251;2660.000000000;1999;9411165759;B
20240117;101251;2660.000000000;1999;9411165760;B
20240117;101251;2660.000000000;919;9411165761;B
20240117;101251;2659.800000000;8;9411165763;B
20240117;101252;2661.000000000;1;9411165998;B
20240117;101253;2661.000000000;39;9411166089;B
20240117;101257;2662.000000000;1;9411166493;B
20240117;101259;2661.800000000;1;9411166800;B
20240117;101300;2662.000000000;1;9411166863;B
20240117;101300;2662.000000000;1;9411166868;B
20240117;101304;2661.000000000;1;9411167335;S
20240117;101307;2661.800000000;1;9411167523;B
20240117;101307;2662.000000000;49;9411167524;B
20240117;101307;2662.000000000;4;9411167525;B
20240117;101307;2662.000000000;46;9411167526;B
20240117;101307;2662.000000000;53;9411167590;B
20240117;101307;2662.200000000;4;9411167591;B
20240117;101307;2662.400000000;42;9411167592;B
20240117;101307;2663.000000000;46;9411167593;B
20240117;101307;2663.200000000;1;9411167594;B
20240117;101307;2663.400000000;210;9411167595;B
20240117;101307;2663.400000000;20;9411167596;B
20240117;101307;2663.600000000;10;9411167597;B
20240117;101307;2663.800000000;10;9411167598;B
20240117;101307;2663.800000000;6;9411167599;B
20240117;101307;2663.800000000;50;9411167600;B
20240117;101307;2664.000000000;5;9411167601;B
20240117;101307;2664.000000000;1;9411167602;B
20240117;101307;2664.000000000;12;9411167603;B
20240117;101307;2664.000000000;80;9411167604;B
20240117;101307;2664.200000000;50;9411167605;B
20240117;101307;2664.200000000;100;9411167606;B
20240117;101307;2664.800000000;4;9411167607;B
20240117;101307;2664.800000000;50;9411167608;B
20240117;101307;2664.800000000;10;9411167609;B
20240117;101307;2664.800000000;4;9411167610;B
20240117;101307;2664.800000000;40;9411167611;B
20240117;101307;2665.000000000;78;9411167612;B
20240117;101307;2665.000000000;50;9411167613;B
20240117;101307;2665.000000000;1;9411167614;B
20240117;101307;2665.000000000;2;9411167615;B
20240117;101307;2665.000000000;1;9411167616;B
20240117;101307;2665.000000000;60;9411167617;B
20240117;101310;2664.000000000;1;9411167864;B
20240117;101311;2664.000000000;1;9411167927;B
20240117;101311;2664.000000000;4;9411167928;B
20240117;101311;2664.200000000;36;9411167929;B
20240117;101311;2664.600000000;46;9411167930;B
20240117;101311;2664.800000000;50;9411167931;B
20240117;101311;2665.000000000;40;9411167932;B
20240117;101311;2665.000000000;5;9411167933;B
20240117;101311;2665.200000000;1;9411167934;B
20240117;101311;2665.200000000;4;9411167935;B
20240117;101311;2665.400000000;14;9411167936;B
20240117;101311;2665.400000000;30;9411167937;B
20240117;101311;2665.400000000;30;9411167938;B
20240117;101311;2665.600000000;39;9411167939;B
20240117;101313;2664.600000000;1;9411168121;B
20240117;101314;2664.600000000;2;9411168183;B
20240117;101316;2664.600000000;1;9411168514;B
20240117;101322;2664.000000000;3;9411169110;B
20240117;101322;2663.200000000;1;9411169122;S
20240117;101322;2663.200000000;3;9411169123;S
20240117;101322;2663.000000000;2;9411169124;S
20240117;101322;2663.000000000;24;9411169125;S
20240117;101322;2662.800000000;2;9411169126;S
20240117;101322;2662.600000000;38;9411169127;S
20240117;101322;2662.600000000;2;9411169128;S
20240117;101322;2662.600000000;50;9411169129;S
20240117;101322;2662.400000000;200;9411169130;S
20240117;101322;2662.400000000;24;9411169131;S
20240117;101322;2662.200000000;30;9411169132;S
20240117;101322;2662.000000000;20;9411169133;S
20240117;101322;2661.800000000;24;9411169134;S
20240117;101322;2661.600000000;95;9411169135;S
20240117;101328;2663.000000000;1;9411169869;B
20240117;101328;2663.200000000;1;9411169870;B
20240117;101328;2663.800000000;1;9411169871;B
20240117;101328;2664.000000000;5;9411169872;B
20240117;101328;2664.000000000;14;9411169873;B
20240117;101335;2662.200000000;1;9411170831;S
20240117;101336;2662.800000000;1;9411170971;B
20240117;101340;2662.800000000;3;9411171429;B
20240117;101340;2663.000000000;1;9411171430;B
20240117;101340;2663.800000000;3;9411171431;B
20240117;101340;2663.800000000;38;9411171432;B
20240117;101340;2663.800000000;50;9411171433;B
20240117;101340;2663.800000000;3;9411171434;B
20240117;101340;2664.000000000;1;9411171435;B
20240117;101340;2664.000000000;1;9411171436;B
20240117;101340;2664.000000000;10;9411171437;B
20240117;101340;2664.000000000;1;9411171438;B
20240117;101340;2664.000000000;10;9411171439;B
20240117;101340;2664.000000000;50;9411171440;B
20240117;101340;2664.200000000;60;9411171441;B
20240117;101340;2664.400000000;20;9411171442;B
20240117;101340;2664.600000000;3;9411171443;B
20240117;101340;2664.600000000;5;9411171444;B
20240117;101340;2664.600000000;100;9411171445;B
20240117;101340;2664.600000000;1;9411171446;B
20240117;101340;2664.600000000;40;9411171447;B
20240117;101342;2664.200000000;1;9411171606;B
20240117;101345;2662.400000000;1;9411171842;S
20240117;101345;2662.200000000;3;9411171843;S
20240117;101346;2664.000000000;1;9411171923;B
20240117;101346;2664.000000000;1;9411171924;B
20240117;101348;2662.400000000;1;9411172097;S
20240117;101348;2662.400000000;1;9411172098;S
20240117;101348;2662.400000000;1;9411172099;S
20240117;101348;2662.200000000;2;9411172100;S
20240117;101348;2662.200000000;3;9411172101;S
20240117;101349;2663.400000000;1;9411172171;B
20240117;101349;2663.600000000;1;9411172172;B
20240117;101349;2663.800000000;30;9411172173;B
20240117;101351;2663.800000000;7;9411172570;B
20240117;101351;2663.800000000;2;9411172571;B
20240117;101351;2663.800000000;29;9411172572;B
20240117;101351;2664.000000000;58;9411172573;B
20240117;101352;2664.000000000;25;9411172608;B
20240117;101354;2663.800000000;1;9411172876;B
20240117;101354;2663.800000000;2;9411172877;B
20240117;101354;2664.000000000;4;9411172878;B
20240117;101359;2663.800000000;50;9411173314;B
20240117;101359;2663.800000000;29;9411173315;B
20240117;101359;2663.800000000;2;9411173316;B
20240117;101359;2663.800000000;19;9411173317;B
20240117;101400;2663.000000000;5;9411173365;S
20240117;101400;2662.600000000;1;9411173366;S
20240117;101400;2662.600000000;1;9411173367;S
20240117;101400;2662.400000000;1;9411173368;S
20240117;101400;2662.400000000;2;9411173369;S
20240117;101400;2662.200000000;17;9411173370;S
20240117;101400;2662.200000000;1;9411173371;S
20240117;101400;2662.200000000;1;9411173372;S
20240117;101400;2662.000000000;4;9411173373;S
20240117;101400;2662.000000000;10;9411173374;S
20240117;101400;2662.000000000;46;9411173375;S
20240117;101400;2661.800000000;1;9411173376;S
20240117;101400;2661.800000000;5;9411173377;S
20240117;101400;2661.600000000;5;9411173378;S
20240117;101404;2661.800000000;2;9411173735;S
20240117;101404;2661.600000000;18;9411173736;S
20240117;101404;2662.400000000;2;9411173750;B
20240117;101405;2662.400000000;5;9411173890;B
20240117;101406;2661.200000000;46;9411173932;S
20240117;101406;2661.200000000;1;9411174195;B
20240117;101408;2661.200000000;1;9411174425;B
20240117;101412;2661.200000000;7;9411174864;B
20240117;101413;2661.200000000;1;9411174946;B
20240117;101414;2661.200000000;1;9411175106;B
20240117;101415;2661.200000000;1;9411175252;B
20240117;101416;2661.000000000;2;9411175373;S
20240117;101417;2661.200000000;1;9411175416;B
20240117;101418;2661.000000000;2;9411175547;S
20240117;101418;2661.200000000;4;9411175568;B
20240117;101419;2661.000000000;10;9411175798;S
20240117;101422;2661.000000000;7;9411176149;S
20240117;101423;2661.000000000;1;9411176191;S
20240117;101423;2661.200000000;11;9411176259;B
20240117;101424;2661.200000000;1;9411176332;B
20240117;101424;2661.000000000;2;9411176346;S
20240117;101424;2661.200000000;1;9411176349;B
20240117;101425;2661.200000000;10;9411176406;B
20240117;101427;2661.000000000;3;9411176747;S
20240117;101427;2661.000000000;4;9411176767;S
20240117;101428;2661.200000000;200;9411176826;B
20240117;101433;2661.000000000;1;9411177441;S
20240117;101435;2661.000000000;1;9411177631;S
20240117;101435;2661.000000000;3;9411177644;S
20240117;101438;2661.000000000;14;9411178112;S
20240117;101438;2661.000000000;10;9411178113;S
20240117;101438;2661.000000000;20;9411178114;S
20240117;101438;2661.000000000;1;9411178115;S
20240117;101438;2661.000000000;1;9411178116;S
20240117;101438;2661.000000000;4;9411178117;S
20240117;101438;2661.000000000;5;9411178118;S
20240117;101438;2661.000000000;5;9411178119;S
20240117;101438;2661.000000000;1;9411178120;S
20240117;101438;2661.000000000;3;9411178127;B
20240117;101438;2661.000000000;3;9411178139;B
20240117;101440;2661.000000000;1;9411178311;B
