<DATE>;<TIME>;<LAST>;<VOL>;<ID>;<OPER>
20240226;095943;3345;2;9696763850;S
20240226;095943;3345;1;9696763851;S
20240226;095943;3345;6;9696763852;S
20240226;095943;3345;3;9696763853;S
20240226;095943;3345;1;9696763854;S
20240226;095943;3345;9;9696763855;S
20240226;095943;3345;5;9696763856;S
20240226;095943;3345;5;9696763857;S
20240226;095943;3345;10;9696763858;S
20240226;095943;3345;22;9696763859;S
20240226;095943;3345;1;9696763860;S
20240226;095943;3345;3;9696763861;S
20240226;095943;3345;235;9696763862;S
20240226;095943;3345;1;9696763863;S
20240226;095943;3345;31;9696763864;S
20240226;095943;3345;33;9696763865;S
20240226;095943;3345;1;9696763866;S
20240226;095943;3345;10;9696763867;S
20240226;095943;3345;1;9696763868;B
20240226;095943;3345;80;9696763869;S
20240226;095943;3345;20;9696763870;S
20240226;095943;3345;2;9696763871;S
20240226;095943;3345;1;9696763872;S
20240226;095943;3345;13;9696763873;B
20240226;095943;3345;1;9696763874;B
20240226;095943;3345;1;9696763875;B
20240226;095943;3345;1;9696763876;B
20240226;095943;3345;4;9696763877;B
20240226;095943;3345;2;9696763878;B
20240226;095943;3345;13;9696763879;B
20240226;095943;3345;1;9696763880;B
20240226;095943;3345;1;9696763881;B
20240226;095943;3345;1;9696763882;B
20240226;095943;3345;1;9696763883;S
20240226;095943;3345;2;9696763884;S
20240226;095943;3345;15;9696763885;S
20240226;095943;3345;1;9696763886;S
20240226;095943;3345;1;9696763887;S
20240226;095943;3345;9;9696763888;S
20240226;095943;3345;5;9696763889;S
20240226;095943;3345;20;9696763890;S
20240226;095943;3345;7;9696763891;S
20240226;095943;3345;10;9696763892;S
20240226;095943;3345;7;9696763893;B
20240226;095943;3345;1;9696763894;B
20240226;095943;3345;13;9696763895;S
20240226;095943;3345;1;9696763896;S
20240226;095943;3345;1;9696763897;B
20240226;095943;3345;1;9696763898;S
20240226;095943;3345;1;9696763899;S
20240226;095943;3345;3;9696763900;S
20240226;095943;3345;1;9696763901;S
20240226;095943;3345;10;9696763902;S
20240226;095943;3345;3;9696763903;S
20240226;095943;3345;1;9696763904;S
20240226;095943;3345;1;9696763905;S
20240226;095943;3345;3;9696763906;S
20240226;095943;3345;1;9696763907;S
20240226;095943;3345;3;9696763908;S
20240226;095943;3345;1;9696763909;S
20240226;095943;3345;1;9696763910;S
20240226;095943;3345;1;9696763911;S
20240226;095943;3345;4;9696763912;S
20240226;095943;3345;1;9696763913;S
20240226;095943;3345;2;9696763914;S
20240226;095943;3345;5;9696763915;S
20240226;095943;3345;1;9696763916;S
20240226;095943;3345;1;9696763917;S
20240226;095943;3345;1;9696763918;S
20240226;095943;3345;1;9696763919;S
20240226;095943;3345;1;9696763920;S
20240226;095943;3345;10;9696763921;S
20240226;095943;3345;1;9696763922;S
20240226;095943;3345;1;9696763923;S
20240226;095943;3345;3;9696763924;S
20240226;095943;3345;1;9696763925;S
20240226;095943;3345;11;9696763926;B
20240226;095943;3345;61;9696763927;B
20240226;095943;3345;8;9696763928;S
20240226;095943;3345;5;9696763929;S
20240226;095943;3345;1;9696763930;S
20240226;095943;3345;1;9696763931;B
20240226;095943;3345;4;9696763932;S
20240226;095943;3345;1;9696763933;B
20240226;095943;3345;300;9696763934;B
20240226;095943;3345;99;9696763935;B
20240226;095943;3345;100;9696763936;B
20240226;095943;3345;25;9696763937;B
20240226;095943;3345;3;9696763938;B
20240226;095943;3345;30;9696763939;B
20240226;095943;3345;44;9696763940;B
20240226;095943;3345;1;9696763941;B
20240226;095943;3345;13;9696763942;B
20240226;095943;3345;7;9696763943;B
20240226;095943;3345;5;9696763944;B
20240226;095943;3345;25;9696763945;S
20240226;095943;3345;4;9696763946;S
20240226;095943;3345;1;9696763947;B
20240226;095943;3345;16;9696763948;B
20240226;095943;3345;1;9696763949;S
20240226;095943;3345;1;9696763950;B
20240226;095943;3345;153;9696763951;B
20240226;095943;3345;5;9696763952;B
20240226;095943;3345;1;9696763953;B
20240226;095943;3345;3;9696763954;B
20240226;095943;3345;1;9696763955;B
20240226;095943;3345;25;9696763956;S
20240226;095943;3345;1;9696763957;B
20240226;095943;3345;198;9696763958;B
20240226;095943;3345;3;9696763959;B
20240226;095943;3345;3;9696763960;B
20240226;095943;3345;3;9696763961;B
20240226;095943;3345;12;9696763962;B
20240226;095943;3345;108;9696763963;B
20240226;095943;3345;4;9696763964;S
20240226;095943;3345;1;9696763965;B
20240226;095943;3345;6;9696763966;B
20240226;095943;3345;23;9696763967;B
20240226;095943;3345;17;9696763968;B
20240226;095943;3345;1;9696763969;B
20240226;095943;3345;1;9696763970;B
20240226;095943;3345;12;9696763971;B
20240226;095943;3345;9;9696763972;B
20240226;095943;3345;1;9696763973;B
20240226;095943;3345;26;9696763974;B
20240226;095943;3345;1;9696763975;B
20240226;095943;3345;1;9696763976;B
20240226;095943;3345;10;9696763977;B
20240226;095943;3345;2;9696763978;B
20240226;095943;3345;3;9696763979;B
20240226;095943;3345;5;9696763980;B
20240226;095943;3345;5;9696763981;B
20240226;095943;3345;3;9696763982;B
20240226;095943;3345;1;9696763983;B
20240226;095943;3345;81;9696763984;B
20240226;095943;3345;1;9696763985;B
20240226;095943;3345;2;9696763986;B
20240226;095943;3345;1;9696763987;B
20240226;095943;3345;3;9696763988;S
20240226;095943;3345;25;9696763989;S
20240226;095943;3345;3;9696763990;B
20240226;095943;3345;1;9696763991;S
20240226;095943;3345;1;9696763992;S
20240226;095943;3345;1;9696763993;S
20240226;095943;3345;1;9696763994;S
20240226;095943;3345;2;9696763995;S
20240226;095943;3345;1;9696763996;S
20240226;095943;3345;1;9696763997;S
20240226;095943;3345;1;9696763998;S
20240226;095943;3345;1;9696763999;S
20240226;095943;3345;3;9696764000;S
20240226;095943;3345;1;9696764001;S
20240226;095943;3345;2;9696764002;S
20240226;095943;3345;1;9696764003;S
20240226;095943;3345;3;9696764004;S
20240226;095943;3345;3;9696764005;S
20240226;095943;3345;3;9696764006;S
20240226;095943;3345;1;9696764007;S
20240226;095943;3345;1;9696764008;S
20240226;095943;3345;1;9696764009;B
20240226;095943;3345;1;9696764010;S
20240226;095943;3345;1;9696764011;S
20240226;095943;3345;1;9696764012;S
20240226;095943;3345;3;9696764013;S
20240226;095943;3345;4;9696764014;S
20240226;095943;3345;23;9696764015;B
20240226;095943;3345;20;9696764016;S
20240226;095943;3345;1;9696764017;B
20240226;095943;3345;1;9696764018;B
20240226;095943;3345;3;9696764019;B
20240226;095943;3345;100;9696764020;B
20240226;095943;3345;5;9696764021;B
20240226;095943;3345;1;9696764022;S
20240226;095943;3345;1;9696764023;B
20240226;095943;3345;10;9696764024;B
20240226;095943;3345;6;9696764025;B
20240226;095943;3345;3;9696764026;S
20240226;095943;3345;10;9696764027;B
20240226;095943;3345;2;9696764028;S
20240226;095943;3345;2;9696764029;S
20240226;095943;3345;4;9696764030;B
20240226;095943;3345;3;9696764031;B
20240226;095943;3345;27;9696764032;B
20240226;095943;3345;1;9696764033;B
20240226;095943;3345;35;9696764034;B
20240226;095943;3345;30;9696764035;B
20240226;095943;3345;10;9696764036;B
20240226;095943;3345;1;9696764037;B
20240226;095943;3345;167;9696764038;B
20240226;095943;3345;40;9696764039;B
20240226;095943;3345;5;9696764040;B
20240226;095943;3345;1;9696764041;B
20240226;095943;3345;1;9696764042;B
20240226;095943;3345;20;9696764043;B
20240226;095943;3345;2;9696764044;B
20240226;095943;3345;183;9696764045;B
20240226;095943;3345;25;9696764046;B
20240226;095943;3345;1;9696764047;B
20240226;095943;3345;7;9696764048;B
20240226;095943;3345;5;9696764049;B
20240226;095943;3345;52;9696764050;B
20240226;095943;3345;50;9696764051;B
20240226;095943;3345;5;9696764052;B
20240226;095943;3345;127;9696764053;B
20240226;095943;3345;11;9696764054;B
20240226;095943;3345;1;9696764055;B
20240226;095943;3345;1;9696764056;B
20240226;095943;3345;6;9696764057;B
20240226;095943;3345;1;9696764058;B
20240226;095943;3345;2;9696764059;B
20240226;095943;3345;1;9696764060;B
20240226;095943;3345;3;9696764061;B
20240226;095943;3345;2;9696764062;B
20240226;095943;3345;6;9696764063;B
20240226;095943;3345;10;9696764064;B
20240226;095943;3345;5;9696764065;B
20240226;095943;3345;7;9696764066;B
20240226;095943;3345;20;9696764067;B
20240226;095943;3345;1;9696764068;B
20240226;095943;3345;50;9696764069;B
20240226;095943;3345;50;9696764070;B
20240226;095943;3345;8;9696764071;B
20240226;095943;3345;18;9696764072;B
20240226;095943;3345;1;9696764073;B
20240226;095943;3345;10;9696764074;B
20240226;095943;3345;5;9696764075;B
20240226;095943;3345;14;9696764076;B
20240226;095943;3345;5;9696764077;B
20240226;095943;3345;15;9696764078;S
20240226;095943;3345;10;9696764079;S
20240226;095943;3345;73;9696764080;B
20240226;095943;3345;1;9696764081;B
20240226;095943;3345;22;9696764082;B
20240226;095943;3345;3;9696764083;S
20240226;095943;3345;1;9696764084;B
20240226;095943;3345;5;9696764085;B
20240226;095943;3345;40;9696764086;B
20240226;095943;3345;5;9696764087;B
20240226;095943;3345;1;9696764088;B
20240226;095943;3345;24;9696764089;B
20240226;095943;3345;1;9696764090;B
20240226;095943;3345;1;9696764091;B
20240226;095943;3345;50;9696764092;B
20240226;095943;3345;100;9696764093;B
20240226;095943;3345;24;9696764094;B
20240226;095943;3345;156;9696764095;S
20240226;095943;3345;7;9696764096;S
20240226;095943;3345;7;9696764097;S
20240226;095943;3345;30;9696764098;S
20240226;095943;3345;1;9696764099;S
20240226;095943;3345;20;9696764100;S
20240226;095943;3345;30;9696764101;B
20240226;095943;3345;1;9696764102;B
20240226;095943;3345;4;9696764103;B
20240226;095943;3345;10;9696764104;B
20240226;095943;3345;1;9696764105;B
20240226;095943;3345;1;9696764106;B
20240226;095943;3345;1;9696764107;B
20240226;095943;3345;7;9696764108;B
20240226;095943;3345;38;9696764109;B
20240226;095943;3345;12;9696764110;B
20240226;095943;3345;4;9696764111;B
20240226;095943;3345;284;9696764112;B
20240226;095943;3345;4;9696764113;B
20240226;095943;3345;600;9696764114;B
20240226;095943;3345;1;9696764115;B
20240226;095943;3345;2;9696764116;B
20240226;095943;3345;2;9696764117;B
20240226;095943;3345;297;9696764118;B
20240226;095943;3345;13;9696764119;B
20240226;095943;3345;3;9696764120;B
20240226;095943;3345;1;9696764121;B
20240226;095943;3345;3;9696764122;B
20240226;095943;3345;5;9696764123;B
20240226;095943;3345;2;9696764124;B
20240226;095943;3345;2;9696764125;B
20240226;095943;3345;10;9696764126;B
20240226;095943;3345;2;9696764127;B
20240226;095943;3345;1;9696764128;B
20240226;095943;3345;2;9696764129;B
20240226;095943;3345;1;9696764130;B
20240226;095943;3345;1;9696764131;B
20240226;095943;3345;3;9696764132;B
20240226;095943;3345;10;9696764133;B
20240226;095943;3345;10;9696764134;B
20240226;095943;3345;2;9696764135;B
20240226;095943;3345;5;9696764136;B
20240226;095943;3345;10;9696764137;B
20240226;095943;3345;25;9696764138;B
20240226;095943;3345;15;9696764139;B
20240226;095943;3345;25;9696764140;B
20240226;095943;3345;1;9696764141;B
20240226;095943;3345;19;9696764142;B
20240226;095943;3345;3;9696764143;B
20240226;095943;3345;7;9696764144;B
20240226;095943;3345;3;9696764145;B
20240226;095943;3345;2;9696764146;B
20240226;095943;3345;15;9696764147;S
20240226;095943;3345;2;9696764148;B
20240226;095943;3345;10;9696764149;B
20240226;095943;3345;1;9696764150;B
20240226;095943;3345;4;9696764151;B
20240226;095943;3345;1;9696764152;B
20240226;095943;3345;10;9696764153;B
20240226;095943;3345;1;9696764154;B
20240226;095943;3345;2;9696764155;B
20240226;095943;3345;40;9696764156;B
20240226;095943;3345;1;9696764157;B
20240226;095943;3345;10;9696764158;B
20240226;095943;3345;2;9696764159;B
20240226;095943;3345;75;9696764160;B
20240226;095943;3345;10;9696764161;B
20240226;095943;3345;10;9696764162;B
20240226;095943;3345;7;9696764163;B
20240226;095943;3345;1;9696764164;B
20240226;095943;3345;30;9696764165;B
20240226;095943;3345;10;9696764166;B
20240226;095943;3345;3;9696764167;B
20240226;095943;3345;10;9696764168;S
20240226;095943;3345;1;9696764169;B
20240226;095943;3345;1;9696764170;B
20240226;095943;3345;50;9696764171;B
20240226;095943;3345;10;9696764172;B
20240226;095943;3345;1;9696764173;B
20240226;095943;3345;25;9696764174;B
20240226;095943;3345;1;9696764175;B
20240226;095943;3345;1;9696764176;B
20240226;095943;3345;1;9696764177;B
20240226;095943;3345;3;9696764178;B
20240226;095943;3345;1;9696764179;B
20240226;095943;3345;3;9696764180;B
20240226;095943;3345;10;9696764181;B
20240226;095943;3345;1;9696764182;B
20240226;095943;3345;32;9696764183;B
20240226;095943;3345;20;9696764184;B
20240226;095943;3345;1;9696764185;B
20240226;095943;3345;35;9696764186;B
20240226;095943;3345;400;9696764187;B
20240226;095943;3345;10;9696764188;B
20240226;095943;3345;2;9696764189;B
20240226;095943;3345;1;9696764190;B
20240226;095943;3345;2;9696764191;B
20240226;095943;3345;55;9696764192;B
20240226;095943;3345;30;9696764193;B
20240226;095943;3345;4;9696764194;B
20240226;095943;3345;1;9696764195;B
20240226;095943;3345;6;9696764196;B
20240226;095943;3345;4;9696764197;B
20240226;095943;3345;2;9696764198;B
20240226;095943;3345;53;9696764199;B
20240226;095943;3345;5;9696764200;B
20240226;095943;3345;3;9696764201;B
20240226;095943;3345;1;9696764202;B
20240226;095943;3345;2;9696764203;B
20240226;095943;3345;1;9696764204;B
20240226;095943;3345;6;9696764205;B
20240226;095943;3345;1;9696764206;B
20240226;095943;3345;1;9696764207;B
20240226;095943;3345;1;9696764208;B
20240226;095943;3345;1;9696764209;B
20240226;095943;3345;1;9696764210;B
20240226;095943;3345;11;9696764211;B
20240226;095943;3345;5;9696764212;B
20240226;095943;3345;4;9696764213;B
20240226;095943;3345;1;9696764214;B
20240226;095943;3345;5;9696764215;B
20240226;095943;3345;2;9696764216;B
20240226;095943;3345;2;9696764217;B
20240226;095943;3345;2;9696764218;B
20240226;095943;3345;1;9696764219;B
20240226;095943;3345;1;9696764220;B
20240226;095943;3345;1;9696764221;B
20240226;095943;3345;6;9696764222;B
20240226;095943;3345;1;9696764223;B
20240226;095943;3345;1;9696764224;B
20240226;095943;3345;5;9696764225;B
20240226;095943;3345;10;9696764226;B
20240226;095943;3345;1;9696764227;B
20240226;095943;3345;1;9696764228;B
20240226;095943;3345;1;9696764229;B
20240226;095943;3345;1;9696764230;B
20240226;095943;3345;1;9696764231;B
20240226;095943;3345;30;9696764232;B
20240226;095943;3345;1;9696764233;B
20240226;095943;3345;1;9696764234;B
20240226;095943;3345;400;9696764235;B
20240226;095943;3345;20;9696764236;B
20240226;095943;3345;100;9696764237;B
20240226;095943;3345;5;9696764238;B
20240226;095943;3345;10;9696764239;B
20240226;095943;3345;2;9696764240;B
20240226;095943;3345;100;9696764241;S
20240226;095943;3345;3;9696764242;B
20240226;095943;3345;1;9696764243;B
20240226;095943;3345;1;9696764244;B
20240226;095943;3345;1025;9696764245;B
20240226;095943;3345;1;9696764246;B
20240226;095943;3345;1;9696764247;B
20240226;095943;3345;12;9696764248;B
20240226;095943;3345;1;9696764249;B
20240226;095943;3345;10;9696764250;B
20240226;095943;3345;1;9696764251;B
20240226;095943;3345;100;9696764252;B
20240226;095943;3345;50;9696764253;B
20240226;095943;3345;25;9696764254;B
20240226;095943;3345;1;9696764255;B
20240226;095943;3345;10;9696764256;B
20240226;095943;3345;25;9696764257;B
20240226;095943;3345;3;9696764258;B
20240226;095943;3345;1;9696764259;B
20240226;095943;3345;1;9696764260;B
20240226;095943;3345;3;9696764261;B
20240226;095943;3345;1;9696764262;B
20240226;095943;3345;5;9696764263;B
20240226;095943;3345;5;9696764264;B
20240226;095943;3345;100;9696764265;B
20240226;095943;3345;30;9696764266;B
20240226;095943;3345;9;9696764267;B
20240226;095943;3345;5;9696764268;B
20240226;095943;3345;3;9696764269;B
20240226;095943;3345;10;9696764270;B
20240226;095943;3345;1;9696764271;B
20240226;095943;3345;1;9696764272;B
20240226;095943;3345;5;9696764273;B
20240226;095943;3345;1;9696764274;B
20240226;095943;3345;2;9696764275;B
20240226;095943;3345;3;9696764276;B
20240226;095943;3345;1;9696764277;B
20240226;095943;3345;1;9696764278;B
20240226;095943;3345;4;9696764279;B
20240226;095943;3345;1;9696764280;B
20240226;095943;3345;1;9696764281;B
20240226;095943;3345;1;9696764282;B
20240226;095943;3345;1;9696764283;B
20240226;095943;3345;300;9696764284;B
20240226;095943;3345;10;9696764285;S
20240226;095943;3345;1;9696764286;B
20240226;095943;3345;30;9696764287;B
20240226;095943;3345;40;9696764288;B
20240226;095943;3345;4;9696764289;B
20240226;095943;3345;56;9696764290;B
20240226;095943;3345;2;9696764291;B
20240226;095943;3345;5;9696764292;B
20240226;095943;3345;15;9696764293;B
20240226;095943;3345;11;9696764294;B
20240226;095943;3345;10;9696764295;B
20240226;095943;3345;10;9696764296;B
20240226;095943;3345;1;9696764297;B
20240226;095943;3345;1;9696764298;B
20240226;095943;3345;1;9696764299;B
20240226;095943;3345;1;9696764300;B
20240226;095943;3345;2;9696764301;B
20240226;095943;3345;1;9696764302;B
20240226;095943;3345;1;9696764303;B
20240226;095943;3345;10;9696764304;B
20240226;095943;3345;253;9696764305;B
20240226;095943;3345;1;9696764306;B
20240226;095943;3345;83;9696764307;B
20240226;095943;3345;5;9696764308;B
20240226;095943;3345;158;9696764309;B
20240226;095943;3345;10;9696764310;B
20240226;095943;3345;1;9696764311;B
20240226;095943;3345;10;9696764312;B
20240226;095943;3345;1;9696764313;B
20240226;095943;3345;61;9696764314;S
20240226;095943;3345;18;9696764315;S
20240226;095943;3345;1;9696764316;S
20240226;095943;3345;17;9696764317;B
20240226;095943;3345;2;9696764318;B
20240226;095943;3345;16;9696764319;S
20240226;095943;3345;3;9696764320;S
20240226;095943;3345;1;9696764321;B
20240226;095943;3345;1;9696764322;B
20240226;095943;3345;1;9696764323;B
20240226;095943;3345;4;9696764324;B
20240226;095943;3345;5;9696764325;B
20240226;095943;3345;5;9696764326;B
20240226;095943;3345;15;9696764327;B
20240226;095943;3345;2;9696764328;B
20240226;095943;3345;3;9696764329;S
20240226;095943;3345;7;9696764330;B
20240226;095943;3345;102;9696764331;B
20240226;095943;3345;35;9696764332;S
20240226;095943;3345;2;9696764333;S
20240226;095943;3345;8;9696764334;B
20240226;100000;3342;50;9696775714;S
20240226;100000;3342;60;9696775751;S
20240226;100000;3342;40;9696775752;S
20240226;100000;3342;30;9696775753;S
20240226;100000;3342;60;9696775754;S
20240226;100000;3342;20;9696775770;S
20240226;100000;3342;28;9696775772;S
20240226;100000;3341.8;2;9696775773;S
20240226;100000;3341.8;10;9696775782;S
20240226;100000;3341.8;10;9696775817;S
20240226;100000;3341.8;20;9696775818;S
20240226;100000;3341.8;8;9696775819;S
20240226;100000;3341.8;2;9696775820;S
20240226;100000;3341.8;8;9696775822;S
20240226;100000;3337.4;30;9696776288;S
20240226;100000;3336;1;9696776432;S
20240226;100000;3337.4;2;9696776533;B
20240226;100000;3336;1;9696776627;S
20240226;100000;3335;1;9696776767;S
20240226;100000;3334.2;1;9696776768;S
20240226;100000;3336;12;9696776877;S
20240226;100000;3335.4;18;9696776878;S
20240226;100000;3335.4;1;9696776905;S
20240226;100000;3336;1;9696777023;B
20240226;100000;3335.4;2;9696777085;S
20240226;100000;3335.4;52;9696777143;S
20240226;100000;3335.4;1;9696777152;B
20240226;100000;3334.4;120;9696777169;S
20240226;100000;3334;5;9696777170;S
20240226;100000;3334;15;9696777171;S
20240226;100000;3334;750;9696777172;S
20240226;100000;3333.6;60;9696777173;S
20240226;100000;3333;50;9696777174;S
20240226;100000;3335.4;39;9696777290;B
20240226;100000;3335.4;10;9696777291;B
20240226;100000;3335.4;30;9696777292;B
20240226;100000;3335.4;27;9696777293;B
20240226;100000;3337.2;105;9696777294;B
20240226;100000;3339;60;9696777295;B
20240226;100000;3339.2;11;9696777296;B
20240226;100000;3340;80;9696777297;B
20240226;100000;3340.4;52;9696777298;B
20240226;100000;3340.6;40;9696777299;B
20240226;100000;3340.6;60;9696777300;B
20240226;100000;3341.4;60;9696777301;B
20240226;100000;3341.6;50;9696777302;B
20240226;100000;3341.8;20;9696777303;B
20240226;100000;3341.8;10;9696777304;B
20240226;100000;3341.8;10;9696777305;B
20240226;100000;3341.8;20;9696777306;B
20240226;100000;3341.8;60;9696777307;B
20240226;100000;3341.8;20;9696777308;B
20240226;100000;3341.8;20;9696777309;B
20240226;100000;3341.8;10;9696777310;B
20240226;100000;3341.8;20;9696777311;B
20240226;100000;3341.8;10;9696777312;B
20240226;100000;3341.8;40;9696777313;B
20240226;100000;3341.8;10;9696777314;B
20240226;100000;3341.8;10;9696777315;B
20240226;100000;3341.8;10;9696777316;B
20240226;100000;3341.8;10;9696777317;B
20240226;100000;3341.8;20;9696777318;B
20240226;100000;3341.8;60;9696777319;B
20240226;100000;3342;40;9696777320;B
20240226;100000;3342;60;9696777321;B
20240226;100000;3342;80;9696777322;B
20240226;100000;3342;1;9696777323;B
20240226;100000;3342;20;9696777324;B
20240226;100000;3342;7;9696777325;B
20240226;100000;3342;1;9696777326;B
20240226;100000;3342.4;60;9696777327;B
20240226;100000;3343.2;60;9696777328;B
20240226;100000;3345;53;9696777329;B
20240226;100000;3345;424;9696777330;B
20240226;100000;3333;30;9696777427;S
20240226;100000;3334.4;30;9696777531;S
20240226;100000;3335.2;3;9696777617;B
20240226;100000;3334.4;10;9696777691;S
20240226;100000;3334.4;20;9696777693;S
20240226;100000;3334.4;30;9696777744;B
20240226;100001;3338.6;4;9696778075;B
20240226;100001;3338.6;1;9696778385;B
20240226;100001;3334.4;3;9696778502;S
20240226;100001;3334;47;9696778532;B
20240226;100001;3338.6;15;9696778564;B
20240226;100001;3337.4;60;9696778661;B
20240226;100001;3337.6;11;9696778662;B
20240226;100001;3337.6;322;9696778663;B
20240226;100001;3338.4;7;9696778664;B
20240226;100001;3338.4;20;9696778673;B
20240226;100001;3338.4;290;9696778908;B
20240226;100001;3335.2;5;9696779042;S
20240226;100001;3335.2;2;9696779105;S
20240226;100001;3337;50;9696779113;B
20240226;100001;3337.8;11;9696779114;B
20240226;100001;3338.4;93;9696779115;B
20240226;100001;3338.6;46;9696779116;B
20240226;100001;3339;93;9696779117;B
20240226;100001;3340;2;9696779118;B
20240226;100001;3341;5;9696779119;B
20240226;100001;3336.2;1;9696779552;S
20240226;100001;3336.4;10;9696779606;S
20240226;100001;3339;8;9696779613;B
20240226;100001;3339;7;9696779641;B
20240226;100001;3340.8;1;9696779642;B
20240226;100001;3337.2;10;9696779676;S
20240226;100002;3337.8;22;9696779773;S
20240226;100002;3340.8;1;9696779826;B
20240226;100002;3341;93;9696779827;B
20240226;100002;3341.4;112;9696779828;B
20240226;100002;3341.4;52;9696779829;B
20240226;100002;3341.6;9;9696779830;B
20240226;100002;3341.6;11;9696779831;B
20240226;100002;3341.8;122;9696779832;B
20240226;100002;3340.2;1;9696780026;S
20240226;100002;3340.2;100;9696780027;S
20240226;100002;3340;39;9696780028;S
20240226;100002;3341.6;33;9696780188;B
20240226;100002;3340.2;1;9696780203;S
20240226;100002;3340.2;16;9696780208;S
20240226;100002;3340.2;5;9696780219;S
20240226;100002;3340.2;1;9696780260;S
20240226;100002;3341.6;1;9696780324;B
20240226;100002;3341.6;59;9696780387;B
20240226;100002;3341.6;1;9696780401;S
20240226;100002;3340.2;1;9696780402;S
20240226;100002;3340.2;1;9696780408;S
20240226;100002;3341.8;100;9696780429;B
20240226;100002;3341.6;24;9696780466;B
20240226;100002;3341.6;15;9696780589;B
20240226;100002;3341.6;16;9696780601;B
20240226;100002;3341.6;38;9696780649;B
20240226;100002;3341.8;12;9696780650;B
20240226;100002;3341.8;8;9696780708;B
20240226;100002;3342;35;9696780709;B
20240226;100002;3342;16;9696780710;B
20240226;100002;3342;19;9696780776;B
20240226;100002;3341.8;1;9696780895;S
20240226;100002;3342;11;9696780904;B
20240226;100002;3342;14;9696780905;B
20240226;100002;3342;8;9696780906;B
20240226;100002;3341.8;10;9696781000;S
20240226;100002;3341.8;29;9696781008;S
20240226;100002;3341.4;11;9696781009;S
20240226;100002;3341.2;30;9696781010;S
20240226;100002;3342;1;9696781019;B
20240226;100002;3341;2;9696781207;S
20240226;100002;3341;50;9696781285;S
20240226;100002;3340.8;2;9696781293;S
20240226;100002;3342;3;9696781362;B
20240226;100002;3342;10;9696781365;B
20240226;100002;3341;1;9696781373;S
20240226;100002;3341;51;9696781386;S
20240226;100002;3340.8;11;9696781387;S
20240226;100002;3340.2;38;9696781388;S
20240226;100002;3340.2;93;9696781405;S
20240226;100002;3340;7;9696781406;S
20240226;100002;3340.2;3;9696781415;S
20240226;100002;3342;28;9696781463;B
20240226;100002;3342.4;11;9696781464;B
20240226;100002;3343.8;48;9696781465;B
20240226;100002;3344;60;9696781466;B
20240226;100002;3344.2;10;9696781467;B
20240226;100002;3344.4;93;9696781468;B
20240226;100002;3345;140;9696781469;B
20240226;100002;3340.4;5;9696781512;S
20240226;100002;3340.4;5;9696781529;S
20240226;100002;3340.4;16;9696781740;S
20240226;100002;3340.4;36;9696781754;S
20240226;100002;3340.2;14;9696781755;S
20240226;100002;3340.8;70;9696781784;S
20240226;100002;3340.8;1;9696781785;S
20240226;100002;3340.6;7;9696781786;S
20240226;100002;3342.6;10;9696781816;B
20240226;100002;3340.6;30;9696781819;S
20240226;100002;3342.6;69;9696781842;B
20240226;100002;3342.8;51;9696781843;B
20240226;100003;3342.8;1;9696781863;B
20240226;100003;3340.8;3;9696781873;S
20240226;100003;3340.8;20;9696781915;S
20240226;100003;3340.8;58;9696781937;S
20240226;100003;3340.8;10;9696781955;S
20240226;100003;3340.8;143;9696781958;S
20240226;100003;3340.6;56;9696781959;S
20240226;100003;3340.6;10;9696781969;S
20240226;100003;3340.6;83;9696781972;S
20240226;100003;3340.4;52;9696781973;S
20240226;100003;3340.4;60;9696781974;S
20240226;100003;3340;114;9696781975;S
20240226;100003;3339.4;60;9696781976;S
20240226;100003;3338.8;60;9696781977;S
20240226;100003;3338;60;9696781978;S
20240226;100003;3338;31;9696781987;B
20240226;100003;3337.4;2;9696781999;S
20240226;100003;3337.8;4;9696782049;B
20240226;100003;3336.8;50;9696782050;S
20240226;100003;3336.8;9;9696782056;S
20240226;100003;3337.8;4;9696782061;B
20240226;100003;3336.8;6;9696782068;S
20240226;100003;3336.8;3;9696782094;S
20240226;100003;3337.6;1;9696782244;B
20240226;100003;3336.8;1;9696782253;S
20240226;100003;3336.8;1;9696782280;S
20240226;100003;3336.8;1;9696782306;S
20240226;100003;3336.8;8;9696782340;S
20240226;100003;3336.8;2;9696782352;S
20240226;100003;3337.2;1;9696782434;B
20240226;100003;3337.2;4;9696782484;B
20240226;100003;3336.8;2;9696782493;S
20240226;100003;3336.8;50;9696782494;S
20240226;100003;3337.2;2;9696782511;B
20240226;100003;3336.8;1;9696782519;S
20240226;100003;3336.8;1;9696782555;S
20240226;100003;3334.8;6;9696782587;S
20240226;100003;3337;1;9696782594;B
20240226;100003;3337.2;8;9696782595;B
20240226;100003;3337.2;15;9696782603;B
20240226;100003;3337.2;15;9696782625;B
20240226;100003;3334.6;115;9696782649;S
20240226;100003;3334.6;5;9696782650;S
20240226;100003;3336.8;15;9696782754;B
20240226;100003;3334.4;2;9696782758;S
20240226;100003;3334.4;1;9696782771;S
20240226;100003;3334.4;10;9696782772;S
20240226;100003;3336.4;9;9696782775;B
20240226;100003;3334.4;15;9696782817;S
20240226;100003;3334.4;6;9696782824;S
20240226;100003;3334.4;2;9696782825;S
20240226;100003;3334.2;8;9696782826;S
20240226;100003;3334.2;2;9696782832;S
20240226;100003;3334.4;2;9696782893;S
20240226;100003;3334.4;3;9696782894;S
20240226;100003;3334.4;2;9696782895;S
20240226;100003;3336.2;75;9696782937;B
20240226;100003;3335.4;1;9696782943;B
20240226;100003;3336;30;9696782966;B
20240226;100003;3334.4;50;9696782978;S
20240226;100003;3334.4;7;9696783134;S
20240226;100003;3334.4;4;9696783135;S
20240226;100003;3334.4;2;9696783146;S
20240226;100003;3334.4;31;9696783150;S
20240226;100003;3334.4;2;9696783157;S
20240226;100003;3334.4;5;9696783168;S
20240226;100003;3335.8;1;9696783174;B
20240226;100003;3335.8;1;9696783176;B
20240226;100003;3336;24;9696783177;B
20240226;100003;3334.4;7;9696783209;S
20240226;100003;3334.4;1;9696783220;S
20240226;100003;3336.8;40;9696783223;B
20240226;100003;3336;22;9696783262;B
20240226;100003;3336.2;43;9696783263;B
20240226;100003;3334.6;60;9696783271;B
20240226;100003;3336;10;9696783274;B
20240226;100003;3334.6;1;9696783284;B
20240226;100003;3334.6;39;9696783285;B
20240226;100003;3336.2;7;9696783325;B
20240226;100003;3334.4;20;9696783391;S
20240226;100003;3334.4;50;9696783403;S
20240226;100003;3334.4;10;9696783409;S
20240226;100003;3334.4;20;9696783417;S
20240226;100003;3334.4;30;9696783423;S
20240226;100003;3334.4;62;9696783424;S
20240226;100003;3334.2;162;9696783425;S
20240226;100003;3334.2;10;9696783426;S
20240226;100003;3334.2;1;9696783456;S
20240226;100003;3334.2;1;9696783459;S
20240226;100003;3334.2;3;9696783464;S
20240226;100003;3334.2;5;9696783467;S
20240226;100003;3334.2;2;9696783484;S
20240226;100003;3334.2;6;9696783509;S
20240226;100003;3333.4;19;9696783510;S
20240226;100003;3333.4;10;9696783542;S
20240226;100003;3333.4;1;9696783546;S
20240226;100003;3333.4;10;9696783547;S
20240226;100004;3333.4;20;9696783554;S
20240226;100004;3333.4;30;9696783556;B
20240226;100004;3333.4;20;9696783564;B
20240226;100004;3333.4;1;9696783587;S
20240226;100004;3335.6;1;9696783616;B
20240226;100004;3333.6;1;9696783676;S
20240226;100004;3333.6;1;9696783688;S
20240226;100004;3333.6;1;9696783694;S
20240226;100004;3333.4;60;9696783731;S
20240226;100004;3333.2;10;9696783732;S
20240226;100004;3333;80;9696783733;S
20240226;100004;3333.8;1;9696783766;S
20240226;100004;3333.8;19;9696783779;S
20240226;100004;3333.8;5;9696783793;S
20240226;100004;3336.2;1;9696783814;B
20240226;100004;3333.8;24;9696783816;S
20240226;100004;3333.2;2;9696783817;S
20240226;100004;3333.2;140;9696783818;S
20240226;100004;3333;17;9696783819;S
20240226;100004;3333;15;9696783900;S
20240226;100004;3333;9;9696783926;S
20240226;100004;3334.8;10;9696783933;B
20240226;100004;3333;1;9696783934;S
20240226;100004;3333;43;9696783950;S
20240226;100004;3333;10;9696783963;S
20240226;100004;3335;3;9696783994;B
20240226;100004;3333;10;9696784029;S
20240226;100004;3333;1;9696784044;S
20240226;100004;3333;2;9696784064;S
20240226;100004;3333.2;2;9696784096;S
20240226;100004;3333.2;1;9696784131;S
20240226;100004;3333.2;1;9696784167;S
20240226;100004;3333;13;9696784226;S
20240226;100004;3333;1;9696784234;S
20240226;100004;3334.4;2;9696784250;B
20240226;100004;3334.4;14;9696784261;B
20240226;100004;3334.4;3;9696784263;B
20240226;100004;3334.6;32;9696784264;B
20240226;100004;3333;1;9696784280;S
20240226;100004;3333;1;9696784282;S
20240226;100004;3333;1;9696784294;S
20240226;100004;3334.2;40;9696784317;B
20240226;100004;3333;15;9696784346;S
20240226;100004;3333;3;9696784349;S
20240226;100004;3333;5;9696784363;S
20240226;100004;3333;5;9696784373;S
20240226;100004;3333;7;9696784380;S
20240226;100004;3334;1;9696784408;B
20240226;100004;3333;20;9696784508;S
20240226;100004;3333;2;9696784517;S
20240226;100004;3333;34;9696784519;S
20240226;100004;3333;1;9696784531;S
20240226;100004;3333;10;9696784534;S
20240226;100004;3333;1;9696784548;S
20240226;100004;3333;2;9696784616;S
20240226;100004;3333;1;9696784654;S
20240226;100004;3333;5;9696784655;S
20240226;100004;3333;4;9696784707;S
20240226;100004;3333;1;9696784751;S
20240226;100004;3333;1;9696784759;S
20240226;100004;3333;2;9696784815;S
20240226;100004;3333;200;9696784817;S
20240226;100004;3333;1;9696784831;S
20240226;100004;3333;21;9696784876;S
20240226;100004;3333.4;29;9696784885;B
20240226;100004;3333;200;9696784898;S
20240226;100004;3333;2;9696784946;S
20240226;100004;3333;4;9696784953;S
20240226;100004;3333;5;9696784964;S
20240226;100004;3333;1;9696784986;S
20240226;100004;3333;80;9696785038;S
20240226;100004;3333;104;9696785043;S
20240226;100004;3333;3;9696785044;S
20240226;100004;3333;4;9696785045;S
20240226;100004;3332.4;1;9696785056;S
20240226;100004;3332.4;20;9696785117;S
20240226;100005;3333.2;93;9696785175;B
20240226;100005;3333.4;52;9696785176;B
20240226;100005;3334.6;60;9696785177;B
20240226;100005;3335.4;60;9696785178;B
20240226;100005;3335.8;74;9696785179;B
20240226;100005;3336.4;60;9696785180;B
20240226;100005;3337;82;9696785181;B
20240226;100005;3335;1;9696785187;B
20240226;100005;3336.8;10;9696785188;B
20240226;100005;3334.2;6;9696785306;B
20240226;100005;3332.4;3;9696785314;S
20240226;100005;3332.4;10;9696785345;S
20240226;100005;3332.4;5;9696785362;S
20240226;100005;3332.4;5;9696785392;S
20240226;100005;3332.4;1;9696785444;S
20240226;100005;3332.4;31;9696785613;S
20240226;100005;3332.4;24;9696785616;S
20240226;100005;3330.8;1;9696785661;S
20240226;100005;3331.2;4;9696785672;S
20240226;100005;3331;21;9696785673;S
20240226;100005;3330.6;10;9696785715;S
20240226;100005;3330.6;5;9696785721;S
20240226;100005;3330.6;40;9696785739;S
20240226;100005;3333.4;5;9696785931;B
20240226;100005;3333.4;5;9696785957;B
20240226;100005;3330.8;50;9696785999;S
20240226;100005;3330.8;5;9696786021;S
20240226;100005;3333.6;3;9696786022;B
20240226;100005;3330.2;4;9696786029;S
20240226;100005;3330.2;5;9696786041;S
20240226;100005;3330.4;5;9696786064;S
20240226;100005;3330.4;50;9696786085;S
20240226;100005;3330.4;10;9696786169;S
20240226;100005;3330.4;31;9696786170;S
20240226;100005;3330.2;43;9696786171;S
20240226;100005;3330;49;9696786172;S
20240226;100005;3330.2;1;9696786200;S
20240226;100005;3330.2;20;9696786213;S
20240226;100005;3333.4;2;9696786241;B
20240226;100005;3330;1;9696786282;S
20240226;100005;3333.4;3;9696786288;B
20240226;100005;3333.4;12;9696786289;B
20240226;100005;3330;5;9696786312;S
20240226;100005;3332;30;9696786322;B
20240226;100006;3332;14;9696786401;B
20240226;100006;3332.2;11;9696786402;B
20240226;100006;3330;1;9696786409;S
20240226;100006;3330;1;9696786412;S
20240226;100006;3330;30;9696786582;S
20240226;100006;3332;33;9696786587;B
20240226;100006;3332.2;17;9696786588;B
20240226;100006;3330;3;9696786673;S
20240226;100006;3330;1;9696786723;S
20240226;100006;3330;5;9696786799;S
20240226;100006;3332;5;9696786803;B
20240226;100006;3332;2;9696786804;B
20240226;100006;3332.2;88;9696786805;B
20240226;100006;3332.8;52;9696786806;B
20240226;100006;3333;93;9696786807;B
20240226;100006;3333.2;60;9696786808;B
20240226;100006;3333.6;20;9696786809;B
20240226;100006;3334.2;60;9696786810;B
20240226;100006;3334.8;60;9696786811;B
20240226;100006;3335;8;9696786812;B
20240226;100006;3335;5;9696786813;B
20240226;100006;3335;20;9696786814;B
20240226;100006;3335;200;9696786815;B
20240226;100006;3335.2;50;9696786816;B
20240226;100006;3335.4;60;9696786817;B
20240226;100006;3336.2;50;9696786818;B
20240226;100006;3336.8;60;9696786819;B
20240226;100006;3337;7;9696786820;B
20240226;100006;3335;31;9696786832;B
20240226;100006;3334.8;10;9696786833;S
20240226;100006;3332.2;6;9696786992;S
20240226;100006;3332.8;1;9696787069;S
20240226;100006;3330.8;1;9696787110;S
20240226;100006;3332.8;60;9696787171;B
20240226;100006;3332.6;20;9696787174;B
20240226;100006;3332.8;33;9696787175;B
20240226;100006;3334;110;9696787256;B
20240226;100006;3333.2;1;9696787332;S
20240226;100006;3333.2;5;9696787344;S
20240226;100006;3332.8;60;9696787531;S
20240226;100006;3332.4;60;9696787532;S
20240226;100006;3330.8;35;9696787533;S
20240226;100007;3332.8;3;9696788262;B
20240226;100007;3331;3;9696788482;S
20240226;100007;3331;63;9696788528;S
20240226;100007;3330.8;151;9696788811;S
20240226;100007;3330.6;60;9696788812;S
20240226;100007;3330;4;9696788813;S
20240226;100007;3330;1;9696788814;S
20240226;100007;3330;52;9696788815;S
20240226;100007;3329.4;32;9696788816;S
20240226;100007;3331.8;5;9696788931;B
20240226;100007;3332;1;9696788954;B
20240226;100007;3329.4;60;9696789457;S
20240226;100007;3328.8;140;9696789458;S
20240226;100007;3328.6;60;9696789459;S
20240226;100007;3328.2;52;9696789460;S
20240226;100007;3328;1;9696789461;S
20240226;100007;3328;1;9696789462;S
20240226;100007;3327.6;60;9696789463;S
20240226;100007;3327.4;4;9696789464;S
20240226;100007;3327.4;30;9696789465;S
20240226;100007;3327;60;9696789466;S
20240226;100007;3326.2;60;9696789467;S
20240226;100007;3325.6;60;9696789468;S
20240226;100007;3325;50;9696789469;S
20240226;100007;3325;40;9696789470;S
20240226;100007;3323.8;1;9696789471;S
20240226;100007;3323.6;160;9696789472;S
20240226;100007;3323.4;400;9696789473;S
20240226;100007;3322;31;9696789475;B
20240226;100007;3321.8;40;9696789478;S
20240226;100007;3322;60;9696789479;B
20240226;100007;3322;60;9696789480;B
20240226;100007;3322;30;9696789481;B
20240226;100007;3322;120;9696789482;B
20240226;100007;3322;50;9696789484;B
20240226;100007;3321.8;40;9696789503;S
20240226;100007;3321.8;40;9696789504;S
20240226;100007;3321.8;10;9696789505;S
20240226;100007;3321.8;12;9696789508;B
20240226;100007;3321.4;46;9696789606;S
20240226;100007;3321.6;5;9696789758;B
20240226;100007;3321.6;47;9696789761;B
20240226;100007;3321.6;53;9696789762;B
20240226;100008;3321.4;1;9696789992;S
20240226;100008;3321.4;2;9696790333;S
20240226;100008;3321.4;1;9696790557;S
20240226;100008;3321.6;1;9696790558;B
20240226;100008;3321.6;1;9696790578;B
20240226;100008;3321.6;1;9696790703;B
20240226;100008;3321.6;3;9696790759;B
20240226;100008;3321.4;14;9696790815;S
20240226;100008;3321.6;50;9696790896;B
20240226;100008;3321.6;20;9696790948;B
20240226;100008;3321.4;36;9696790969;S
20240226;100008;3321.4;14;9696790970;S
20240226;100008;3321.4;66;9696791080;S
20240226;100008;3321.4;10;9696791081;S
20240226;100008;3321.4;10;9696791082;S
20240226;100008;3320;223;9696791083;S
20240226;100008;3320;200;9696791084;S
20240226;100008;3320;60;9696791158;S
20240226;100008;3320;60;9696791166;S
20240226;100008;3320;7;9696791171;S
20240226;100008;3320;20;9696791176;S
20240226;100008;3320;1;9696791230;S
20240226;100008;3320;257;9696791237;S
20240226;100008;3320;934;9696791238;S
20240226;100008;3320;8;9696791239;S
20240226;100008;3320;110;9696791240;S
20240226;100008;3320;1;9696791241;S
20240226;100008;3320;205;9696791246;S
20240226;100008;3320;230;9696791247;S
20240226;100008;3320;60;9696791255;S
20240226;100008;3320;239;9696791256;S
20240226;100008;3320;54;9696791261;S
20240226;100008;3320;60;9696791263;S
20240226;100008;3320;60;9696791287;S
20240226;100008;3320.2;25;9696791494;B
20240226;100008;3320.2;52;9696791495;B
20240226;100008;3320.6;60;9696791501;S
20240226;100008;3320.6;60;9696791553;S
20240226;100008;3320.6;2;9696791597;S
20240226;100008;3320.6;1;9696791666;S
20240226;100008;3321.8;4;9696791684;B
20240226;100008;3320;211;9696791910;S
20240226;100008;3313;39;9696791911;S
20240226;100008;3317.4;1;9696791976;B
20240226;100008;3317.2;8;9696791983;S
20240226;100008;3317.4;51;9696791990;B
20240226;100008;3317.6;400;9696791991;B
20240226;100008;3320.8;52;9696792020;B
20240226;100008;3320.8;20;9696792029;S
20240226;100008;3320;52;9696792133;B
20240226;100008;3320.2;28;9696792134;B
20240226;100009;3321.6;40;9696792185;B
20240226;100009;3321.4;1;9696792234;B
20240226;100009;3321.4;1;9696792240;B
20240226;100009;3321.2;1;9696792248;B
20240226;100009;3316.2;1;9696792378;S
20240226;100009;3316;15;9696792397;S
20240226;100009;3316;8;9696792400;S
20240226;100009;3316;3;9696792402;S
20240226;100009;3320.4;1;9696792408;B
20240226;100009;3320.4;5;9696792410;B
20240226;100009;3320.4;20;9696792411;B
20240226;100009;3319.8;1;9696792562;B
20240226;100009;3319.8;1;9696792564;B
20240226;100009;3316.8;2;9696792574;S
20240226;100009;3316.6;31;9696792575;S
20240226;100009;3316.6;3;9696792579;S
20240226;100009;3321.4;4;9696792583;B
20240226;100009;3321.2;5;9696792590;B
20240226;100009;3316.6;10;9696792647;S
20240226;100009;3316.6;20;9696792734;S
20240226;100009;3320.6;5;9696792765;B
20240226;100009;3319.8;38;9696792850;B
20240226;100009;3316.6;6;9696793150;S
20240226;100009;3316.6;1;9696793188;S
20240226;100009;3321.4;3;9696793761;B
20240226;100009;3321.2;1;9696793777;B
20240226;100009;3321.2;10;9696793783;B
20240226;100009;3321.2;41;9696793809;B
20240226;100009;3321.4;247;9696793810;B
20240226;100009;3321.6;2;9696793811;B
20240226;100009;3321.6;10;9696793812;B
20240226;100009;3321.4;2;9696793826;B
20240226;100009;3317;1;9696793830;S
20240226;100009;3321.4;50;9696793840;B
20240226;100009;3318.8;6;9696794036;S
20240226;100009;3321.8;1;9696794041;B
20240226;100009;3318.8;1;9696794054;S
20240226;100009;3321.8;4;9696794066;B
20240226;100009;3318.8;1;9696794075;S
20240226;100009;3321.6;1;9696794088;B
20240226;100010;3318.8;3;9696794733;S
20240226;100010;3318.6;27;9696794734;S
20240226;100010;3318.6;3;9696795013;S
20240226;100010;3318.6;2;9696795266;S
20240226;100010;3321.6;1;9696795273;B
20240226;100010;3318.6;1;9696795276;S
20240226;100010;3321.6;3;9696795293;B
20240226;100010;3321.6;5;9696795312;B
20240226;100010;3321.6;29;9696795699;B
20240226;100010;3321.6;1;9696795764;B
20240226;100010;3321.6;13;9696795766;B
20240226;100010;3321.8;17;9696795767;B
20240226;100010;3318.6;8;9696795775;S
20240226;100010;3320.6;6;9696795955;B
20240226;100010;3319;17;9696796011;S
20240226;100010;3320.6;3;9696796236;B
20240226;100010;3320.6;1;9696796245;B
20240226;100010;3320.6;1;9696796305;B
20240226;100010;3320.6;1;9696796306;B
20240226;100010;3319;27;9696796324;S
20240226;100010;3319;1;9696796339;S
20240226;100010;3320.6;4;9696796451;B
20240226;100010;3319;2;9696796550;S
20240226;100011;3319;10;9696796669;S
20240226;100011;3318.8;17;9696796670;S
20240226;100011;3318.6;12;9696796671;S
20240226;100011;3319.2;44;9696796693;S
20240226;100011;3318.6;81;9696796694;S
20240226;100011;3316.8;1;9696796875;S
20240226;100011;3320.6;2;9696796910;B
20240226;100011;3317.2;3;9696797058;S
20240226;100011;3317.2;1;9696797316;S
20240226;100011;3317.2;8;9696797556;S
20240226;100011;3319.4;52;9696797651;B
20240226;100011;3319.6;48;9696797652;B
20240226;100011;3317.2;1;9696797672;S
20240226;100011;3317.2;2;9696797866;S
20240226;100011;3319.4;14;9696797943;B
20240226;100011;3318.8;4;9696798324;B
20240226;100012;3317.2;9;9696798603;S
20240226;100012;3318.8;4;9696798620;B
20240226;100012;3318.8;44;9696798624;B
20240226;100012;3319;5;9696798625;B
20240226;100012;3319.6;152;9696798626;B
20240226;100012;3320.4;5;9696798627;B
20240226;100012;3321.2;1;9696798628;B
20240226;100012;3321.6;30;9696798629;B
20240226;100012;3321.8;186;9696798630;B
20240226;100012;3322;978;9696798631;B
20240226;100012;3318.4;2;9696798639;B
20240226;100012;3321.8;3;9696798642;B
20240226;100012;3318;1;9696798678;S
20240226;100012;3318.2;20;9696798693;S
20240226;100012;3321.8;5;9696798746;B
20240226;100012;3319.8;1;9696798995;S
20240226;100012;3321.8;1;9696799091;B
20240226;100012;3321.8;46;9696799177;B
20240226;100012;3322;5;9696799194;B
20240226;100012;3322;12;9696799200;B
20240226;100012;3322;299;9696799201;B
20240226;100012;3322;860;9696799202;B
20240226;100012;3321.8;4;9696799467;S
20240226;100012;3321.8;6;9696799468;S
20240226;100012;3322;10;9696800659;B
20240226;100012;3321.8;1;9696800761;S
20240226;100012;3322;1;9696800880;B
20240226;100012;3321.8;1;9696800935;S
20240226;100012;3321.8;14;9696800952;S
20240226;100012;3321.8;18;9696801027;S
20240226;100012;3321.6;60;9696801032;S
20240226;100012;3320.6;2;9696801042;S
20240226;100012;3320.6;1;9696801051;S
20240226;100012;3320.6;17;9696801136;S
20240226;100012;3319.8;3;9696801137;S
20240226;100013;3321.4;1;9696801243;S
20240226;100013;3320;5;9696801244;S
20240226;100013;3319.8;14;9696801245;S
20240226;100013;3319.8;5;9696801282;S
20240226;100013;3319.8;1;9696801386;S
20240226;100013;3319.8;5;9696801411;S
20240226;100013;3320.4;5;9696801490;S
20240226;100013;3319.8;10;9696801867;S
20240226;100013;3318.6;61;9696801952;S
20240226;100013;3320.4;25;9696802117;B
20240226;100013;3318.4;5;9696802327;S
20240226;100013;3318.4;15;9696802328;S
20240226;100014;3318.4;1;9696802357;S
20240226;100014;3318.4;281;9696802522;S
20240226;100014;3318.2;100;9696802523;S
20240226;100014;3317.2;5;9696802524;S
20240226;100014;3316.4;60;9696802525;S
20240226;100014;3315.2;60;9696802526;S
20240226;100014;3314.6;60;9696802527;S
20240226;100014;3314;60;9696802528;S
20240226;100014;3313.6;52;9696802529;S
20240226;100014;3313;260;9696802530;S
20240226;100014;3313;125;9696802531;S
20240226;100014;3312.8;60;9696802532;S
20240226;100014;3312.4;60;9696802533;S
20240226;100014;3312.2;97;9696802534;S
20240226;100014;3317;50;9696802614;B
20240226;100014;3318.2;60;9696802740;B
20240226;100014;3318.2;40;9696802741;B
20240226;100014;3318;80;9696802747;B
20240226;100014;3319;20;9696802810;B
20240226;100014;3316.8;1;9696802971;S
20240226;100014;3317.6;48;9696803063;B
20240226;100014;3317.6;1;9696803300;B
20240226;100014;3315.4;5;9696803305;S
20240226;100014;3317.6;2;9696803309;B
20240226;100014;3318;10;9696803313;B
20240226;100014;3315.2;2;9696803322;S
20240226;100014;3317.8;1;9696803324;B
20240226;100014;3318.4;3;9696803361;B
20240226;100014;3315.4;1;9696803374;S
20240226;100014;3317.4;52;9696803591;B
20240226;100014;3317.6;112;9696803592;B
20240226;100014;3317.8;60;9696803593;B
20240226;100014;3318.6;60;9696803594;B
20240226;100014;3319.4;60;9696803595;B
20240226;100014;3320.2;60;9696803596;B
20240226;100014;3320.6;96;9696803597;B
20240226;100014;3316.2;30;9696803660;S
20240226;100014;3316;201;9696803661;S
20240226;100014;3318;25;9696803806;B
20240226;100015;3319;52;9696803893;B
20240226;100015;3319.2;121;9696803894;B
20240226;100015;3319.4;90;9696803895;B
20240226;100015;3319.6;256;9696803896;B
20240226;100015;3322;3625;9696803897;B
20240226;100015;3321.6;5;9696804210;B
20240226;100015;3321.6;2;9696804211;B
20240226;100015;3320.2;9;9696804532;S
20240226;100015;3321.8;50;9696804570;B
20240226;100015;3321.8;2;9696804832;B
20240226;100015;3322;98;9696804833;B
20240226;100015;3321.8;1;9696804918;B
20240226;100015;3321.8;1;9696804919;B
20240226;100015;3321.8;1;9696804920;B
20240226;100015;3321.8;2;9696804921;B
20240226;100015;3320;60;9696805002;S
20240226;100015;3320;60;9696805005;S
20240226;100015;3320;38;9696805007;S
20240226;100015;3321.4;50;9696805057;B
20240226;100015;3319.8;3;9696805102;S
20240226;100015;3319.8;4;9696805186;S
20240226;100016;3319.8;1;9696805248;S
20240226;100016;3321.4;2;9696805250;B
20240226;100016;3321.6;1;9696805251;B
20240226;100016;3319.8;10;9696805252;S
20240226;100016;3316.8;9;9696805255;S
20240226;100016;3321.6;52;9696805257;B
20240226;100016;3321.8;106;9696805258;B
20240226;100016;3322;767;9696805259;B
20240226;100016;3319.6;1;9696805372;S
20240226;100016;3321.8;3;9696805400;B
20240226;100016;3319.6;9;9696805445;S
20240226;100016;3319.6;21;9696805446;S
20240226;100016;3320;5;9696805546;B
20240226;100016;3319.4;23;9696806113;S
20240226;100017;3318.6;29;9696806826;S
20240226;100017;3321.6;52;9696807030;B
20240226;100017;3321.6;1;9696807031;B
20240226;100017;3321.8;18;9696807032;B
20240226;100017;3321.8;50;9696807033;B
20240226;100017;3321.6;9;9696807056;B
20240226;100017;3321.6;13;9696807216;B
20240226;100017;3318.4;30;9696807500;S
20240226;100017;3318.4;20;9696807501;S
20240226;100017;3318.8;1;9696807899;S
20240226;100017;3319;5;9696808132;S
20240226;100018;3318.2;10;9696808425;S
20240226;100018;3318.2;1;9696808530;S
20240226;100018;3319.8;5;9696808765;B
20240226;100018;3319.8;8;9696808856;B
20240226;100018;3319.8;2;9696809047;B
20240226;100018;3319.8;1;9696809260;B
20240226;100018;3319.8;7;9696809313;B
20240226;100018;3319.6;1;9696809376;S
20240226;100019;3319.8;8;9696809621;B
20240226;100019;3319.8;21;9696809696;B
20240226;100019;3320;2;9696809697;B
20240226;100019;3321.4;40;9696809698;B
20240226;100019;3321.8;170;9696809699;B
20240226;100019;3321.8;1;9696809705;S
20240226;100019;3321.8;1;9696809706;S
20240226;100019;3322;50;9696809962;B
20240226;100019;3321.8;1;9696809963;S
20240226;100019;3322;24;9696810117;B
20240226;100019;3321.8;2;9696810202;S
20240226;100019;3322;2;9696810216;B
20240226;100019;3321.8;20;9696810234;S
20240226;100020;3322;3;9696810278;B
20240226;100020;3321.8;1;9696810395;S
20240226;100020;3321.8;1;9696810397;S
20240226;100020;3321.8;1;9696810508;S
20240226;100020;3322;5;9696810539;B
20240226;100020;3321.8;30;9696810544;S
20240226;100020;3321.8;39;9696810752;S
20240226;100020;3321.8;11;9696810753;S
20240226;100020;3321.8;1;9696810755;S
20240226;100020;3322;3;9696810772;B
20240226;100020;3321.8;1;9696810776;S
20240226;100020;3321.8;3;9696810777;S
20240226;100021;3322;2000;9696810930;B
20240226;100021;3321.8;1;9696811025;S
20240226;100021;3322;2;9696811061;B
20240226;100021;3321.8;1;9696811141;S
20240226;100021;3321.8;40;9696811142;S
20240226;100021;3322;50;9696811579;B
20240226;100021;3322;122;9696811773;B
20240226;100021;3322;25;9696811784;B
20240226;100021;3322;5;9696811790;B
20240226;100022;3321.8;1;9696811916;S
20240226;100022;3322;5;9696811941;B
20240226;100022;3322;2;9696812004;B
20240226;100022;3322;20;9696812076;B
20240226;100022;3321.8;1;9696812147;S
20240226;100022;3322;3;9696812188;B
20240226;100022;3322;3;9696812228;B
20240226;100022;3322;25;9696812437;B
20240226;100022;3322;200;9696812467;B
20240226;100022;3322;3;9696812616;B
20240226;100023;3322;10;9696812830;B
20240226;100023;3322;172;9696812838;B
20240226;100023;3322;10;9696812875;B
20240226;100023;3322;20;9696813047;B
20240226;100023;3322;5;9696813254;B
20240226;100023;3321.8;39;9696813295;S
20240226;100024;3322;30;9696813337;B
20240226;100024;3322;10;9696813509;B
20240226;100024;3322;4;9696813626;B
20240226;100024;3322;10;9696813644;B
20240226;100024;3322;500;9696813684;B
20240226;100024;3322;111;9696813685;B
20240226;100024;3322;5;9696813724;B
20240226;100024;3322;2;9696813736;B
20240226;100024;3322;10;9696813858;B
20240226;100024;3322;10;9696813971;B
20240226;100024;3321.8;1;9696813998;S
20240226;100024;3322;3;9696814116;B
20240226;100024;3322;10;9696814278;B
20240226;100024;3322;10;9696814334;B
20240226;100025;3322;10;9696814378;B
20240226;100025;3322;10;9696814470;B
20240226;100025;3321.8;29;9696814493;S
20240226;100025;3321.8;40;9696814494;S
20240226;100025;3321.8;15;9696814495;S
20240226;100025;3321.8;7;9696814496;S
20240226;100025;3321.8;19;9696814572;S
20240226;100025;3322;10;9696814628;B
20240226;100025;3322;10;9696814727;B
20240226;100025;3321.8;1;9696814811;S
20240226;100025;3322;10;9696814836;B
20240226;100025;3322;1;9696815026;B
20240226;100025;3322;20;9696815038;B
20240226;100025;3322;100;9696815073;B
20240226;100025;3322;5;9696815209;B
20240226;100025;3321.8;1;9696815235;S
20240226;100026;3322;2000;9696815344;B
20240226;100026;3322;95;9696815345;B
20240226;100026;3322;7;9696815346;B
20240226;100026;3322.2;1;9696815347;B
20240226;100026;3323.2;10;9696815348;B
20240226;100026;3323.4;87;9696815349;B
20240226;100026;3323.4;210;9696815358;B
20240226;100026;3323.4;30;9696815412;B
20240226;100026;3323.4;1;9696815441;B
20240226;100026;3323.4;5;9696815443;B
20240226;100026;3323.4;10;9696815468;B
20240226;100026;3323.4;20;9696815669;B
20240226;100026;3323.4;10;9696815745;B
20240226;100026;3323.4;1;9696815756;B
20240226;100026;3323.4;15;9696815829;B
20240226;100026;3323.4;10;9696815947;B
20240226;100026;3323.2;10;9696816029;S
20240226;100026;3323.2;60;9696816030;S
20240226;100026;3323.2;20;9696816031;S
20240226;100026;3323.2;10;9696816032;S
20240226;100026;3323.4;1;9696816033;B
20240226;100026;3323.4;50;9696816034;B
20240226;100026;3323.4;10;9696816035;B
20240226;100026;3323.4;89;9696816037;B
20240226;100026;3323.4;60;9696816038;B
20240226;100026;3323.4;30;9696816039;B
20240226;100026;3323.4;40;9696816040;B
20240226;100026;3323.4;50;9696816042;B
20240226;100026;3323.4;20;9696816043;B
20240226;100026;3323.4;10;9696816102;B
20240226;100026;3323.4;50;9696816105;B
20240226;100026;3323.4;20;9696816203;B
20240226;100027;3323.4;20;9696816261;B
20240226;100027;3323.4;10;9696816397;B
20240226;100027;3323.4;60;9696816409;B
20240226;100027;3323.4;30;9696816410;B
20240226;100027;3323.4;89;9696816522;B
20240226;100027;3323.4;10;9696816534;B
20240226;100027;3323.4;20;9696816594;B
20240226;100027;3323.4;80;9696816595;B
20240226;100027;3323.4;20;9696816839;B
20240226;100027;3323.4;10;9696816882;B
20240226;100027;3323.4;2;9696816903;B
20240226;100028;3323.4;20;9696817123;B
20240226;100028;3323.2;10;9696817152;S
20240226;100028;3323.4;4;9696817269;B
20240226;100028;3323.2;29;9696817306;S
20240226;100028;3323.4;20;9696817455;B
20240226;100028;3323.4;30;9696817521;B
20240226;100028;3323.4;10;9696817620;B
20240226;100029;3323.2;1;9696817723;S
20240226;100029;3323.2;1;9696817985;S
20240226;100030;3323.4;10;9696818366;B
20240226;100030;3323.4;10;9696818623;B
20240226;100030;3323.2;1;9696818752;S
20240226;100030;3323.2;20;9696818753;S
20240226;100030;3323.2;19;9696818754;S
20240226;100031;3323.2;41;9696818912;S
20240226;100031;3323.2;30;9696818913;S
20240226;100031;3323.2;10;9696818914;S
20240226;100031;3323.2;40;9696818915;S
20240226;100031;3323.2;20;9696818916;S
20240226;100031;3323.2;1;9696818917;S
20240226;100031;3323.2;52;9696818918;S
20240226;100031;3322.8;1;9696818919;S
20240226;100031;3322;15;9696818920;S
20240226;100031;3322;1;9696818921;S
20240226;100031;3322;18;9696818922;S
20240226;100031;3321.8;10;9696818923;S
20240226;100031;3321.6;60;9696818924;S
20240226;100031;3321;47;9696818925;S
20240226;100031;3323.4;17;9696819109;B
20240226;100031;3323.4;12;9696819207;B
20240226;100031;3322.2;5;9696819357;S
20240226;100032;3322.2;1;9696819432;S
20240226;100032;3322.4;10;9696819475;B
20240226;100032;3322.2;46;9696819597;S
20240226;100032;3322;44;9696819598;S
20240226;100032;3321.8;30;9696819599;S
20240226;100032;3320.8;5;9696819600;S
20240226;100032;3320.4;33;9696819601;S
20240226;100032;3320.2;52;9696819716;S
20240226;100032;3320;100;9696819717;S
20240226;100032;3320;5;9696819718;S
20240226;100032;3319.6;30;9696819719;S
20240226;100032;3319.6;60;9696819720;S
20240226;100032;3319;5;9696819721;S
20240226;100032;3318.8;60;9696819722;S
20240226;100032;3318;42;9696819725;B
20240226;100032;3318.2;68;9696819726;B
20240226;100032;3318.2;50;9696819727;B
20240226;100032;3316.8;1;9696819859;S
20240226;100032;3316.8;9;9696819860;S
20240226;100032;3318;60;9696819958;B
20240226;100032;3318;32;9696819959;B
20240226;100032;3318.2;18;9696819960;B
20240226;100032;3316.6;1;9696820072;S
20240226;100032;3318;2;9696820102;B
20240226;100032;3316.6;2;9696820112;S
20240226;100032;3316.4;30;9696820113;S
20240226;100032;3316.4;18;9696820114;S
20240226;100033;3316.4;6;9696820431;S
20240226;100033;3318;58;9696820620;B
20240226;100033;3318;1;9696820621;B
20240226;100033;3318.2;41;9696820622;B
20240226;100033;3316.8;1;9696820650;S
20240226;100034;3316.8;10;9696820942;S
20240226;100034;3317;10;9696821246;B
20240226;100034;3317.4;21;9696821247;B
20240226;100034;3317.8;60;9696821292;B
20240226;100034;3317.8;1;9696821293;B
20240226;100034;3318;11;9696821294;B
20240226;100034;3318;3;9696821295;B
20240226;100035;3317.8;60;9696821379;B
20240226;100035;3317.8;38;9696821380;B
20240226;100035;3318;107;9696821381;B
20240226;100035;3318.2;1511;9696821382;B
20240226;100035;3318.4;60;9696821383;B
20240226;100035;3319;60;9696821384;B
20240226;100035;3319.8;60;9696821385;B
20240226;100035;3320.6;12;9696821386;B
20240226;100035;3322;32;9696821394;B
20240226;100035;3322;9;9696821476;S
20240226;100035;3322;19;9696821478;S
20240226;100035;3322;21;9696821479;S
20240226;100035;3322;34;9696821605;S
20240226;100035;3322.6;10;9696821639;B
20240226;100035;3322.6;10;9696821696;S
20240226;100035;3322.6;5;9696821697;S
20240226;100035;3322.6;60;9696821698;S
20240226;100035;3321.8;52;9696821699;S
20240226;100035;3321.2;60;9696821700;S
20240226;100035;3320.6;60;9696821701;S
20240226;100035;3320;9;9696821702;S
20240226;100035;3319.8;44;9696821703;S
20240226;100035;3321;52;9696821771;S
20240226;100035;3320.8;108;9696821772;S
20240226;100036;3320.8;1;9696821961;S
20240226;100036;3322;3;9696822220;B
20240226;100036;3320.8;16;9696822262;S
20240226;100037;3322.4;10;9696822747;B
20240226;100037;3322.8;5;9696822748;B
20240226;100037;3320.8;3;9696822825;S
20240226;100037;3320.8;10;9696822826;S
20240226;100037;3320.6;30;9696822827;S
20240226;100037;3320.4;60;9696822828;S
20240226;100037;3320.2;52;9696822829;S
20240226;100037;3319.8;45;9696822830;S
20240226;100037;3321.6;5;9696822979;S
20240226;100037;3322.2;10;9696823039;B
20240226;100038;3321.6;4;9696823208;S
20240226;100038;3321.6;5;9696823209;S
20240226;100038;3320;52;9696823210;S
20240226;100038;3319.8;42;9696823211;S
20240226;100039;3322.2;2;9696823618;B
20240226;100039;3319.6;2;9696823677;S
20240226;100039;3322.2;13;9696823679;B
20240226;100039;3322.6;11;9696823680;B
20240226;100039;3322.8;30;9696823697;B
20240226;100039;3323;84;9696823698;B
20240226;100039;3323;45;9696823699;B
20240226;100039;3323;14;9696823791;B
20240226;100039;3323;1;9696823794;B
20240226;100040;3320.4;1;9696824156;S
20240226;100040;3320.2;1;9696824317;S
20240226;100040;3319.6;5;9696824318;S
20240226;100040;3319.4;23;9696824319;S
20240226;100040;3319.2;52;9696824320;S
20240226;100040;3318.6;59;9696824321;S
20240226;100041;3320.8;10;9696824681;B
20240226;100041;3319.4;50;9696824829;B
20240226;100041;3320.8;119;9696824830;B
20240226;100041;3321.6;5;9696824831;B
20240226;100041;3322;26;9696824832;B
20240226;100041;3319.2;60;9696824834;S
20240226;100041;3319;30;9696824835;S
20240226;100041;3319;52;9696824836;S
20240226;100041;3318.6;10;9696824837;S
20240226;100041;3318.4;60;9696824838;S
20240226;100041;3317.6;60;9696824839;S
20240226;100041;3317;60;9696824840;S
20240226;100041;3317;10;9696824841;S
20240226;100041;3316.2;60;9696824842;S
20240226;100041;3315.2;60;9696824843;S
20240226;100041;3314.6;1;9696824844;S
20240226;100041;3314.4;1;9696824845;S
20240226;100041;3314;224;9696824846;S
20240226;100041;3314;186;9696824847;S
20240226;100041;3313.8;26;9696824848;S
20240226;100042;3319.6;60;9696825198;B
20240226;100042;3319.8;75;9696825199;B
20240226;100042;3320;60;9696825200;B
20240226;100042;3321;55;9696825201;B
20240226;100042;3321;39;9696825293;B
20240226;100043;3321;100;9696825571;B
20240226;100043;3321;47;9696825579;B
20240226;100043;3321.2;22;9696825580;B
20240226;100043;3320;156;9696825596;S
20240226;100043;3320;100;9696825750;B
20240226;100043;3320;10;9696825788;B
20240226;100043;3320;1;9696825867;B
20240226;100043;3318.6;7;9696825947;S
20240226;100043;3318.6;1;9696825972;S
20240226;100043;3320;10;9696826097;B
20240226;100044;3320;2;9696826120;B
20240226;100044;3318.6;10;9696826135;S
20240226;100044;3318.6;1;9696826145;S
20240226;100044;3320;10;9696826278;B
20240226;100044;3318.6;33;9696826311;S
20240226;100044;3318.6;45;9696826312;S
20240226;100044;3318.6;60;9696826313;S
20240226;100044;3318.4;30;9696826314;S
20240226;100044;3318;60;9696826315;S
20240226;100044;3317.2;50;9696826316;S
20240226;100044;3316.8;60;9696826317;S
20240226;100044;3315.8;60;9696826318;S
20240226;100044;3315.2;60;9696826319;S
20240226;100044;3314.6;60;9696826320;S
20240226;100044;3313.2;186;9696826321;S
20240226;100044;3313;10;9696826322;S
20240226;100044;3313;250;9696826323;S
20240226;100044;3312.6;9;9696826324;S
20240226;100044;3311.6;5;9696826325;S
20240226;100044;3311.2;400;9696826326;S
20240226;100044;3311;44;9696826327;S
20240226;100044;3311;200;9696826328;S
20240226;100044;3309.2;10;9696826329;S
20240226;100044;3309;1;9696826330;S
20240226;100044;3308.4;219;9696826331;S
20240226;100044;3308.2;200;9696826332;S
20240226;100044;3307.4;40;9696826333;S
20240226;100044;3306;61;9696826334;S
20240226;100044;3306;23;9696826335;S
20240226;100044;3306;3;9696826336;S
20240226;100044;3305.6;93;9696826337;S
20240226;100044;3305.4;150;9696826338;S
20240226;100044;3305.4;30;9696826339;S
20240226;100044;3305.4;100;9696826340;S
20240226;100044;3305;50;9696826341;S
20240226;100044;3305;10;9696826342;S
20240226;100044;3305;2000;9696826343;S
20240226;100044;3303.4;40;9696826344;S
20240226;100044;3303;500;9696826345;S
20240226;100044;3302.4;400;9696826346;S
20240226;100044;3302.2;30;9696826347;S
20240226;100044;3301.2;5;9696826348;S
20240226;100044;3300.8;152;9696826349;S
20240226;100044;3300.6;100;9696826350;S
20240226;100044;3300.4;10;9696826351;S
20240226;100044;3300.4;20;9696826352;S
20240226;100044;3300.2;8;9696826353;S
20240226;100044;3300;3;9696826354;S
20240226;100044;3300;58;9696826355;S
20240226;100044;3310;97;9696826361;S
20240226;100044;3308.6;52;9696826362;S
20240226;100044;3307.6;60;9696826363;S
20240226;100044;3307.2;160;9696826364;B
20240226;100044;3307.2;31;9696826369;B
20240226;100044;3314.6;50;9696826374;B
20240226;100044;3314.6;10;9696826375;B
20240226;100044;3314.8;20;9696826376;B
20240226;100044;3314.6;50;9696826377;B
20240226;100044;3314.6;2;9696826378;B
20240226;100044;3314.8;48;9696826379;B
20240226;100044;3314.8;50;9696826380;B
20240226;100044;3314.8;30;9696826381;B
20240226;100044;3314.6;30;9696826382;B
20240226;100044;3314.6;30;9696826383;B
20240226;100044;3313.8;30;9696826384;B
20240226;100044;3313.8;156;9696826385;B
20240226;100044;3314.6;44;9696826386;B
20240226;100044;3314.6;50;9696826387;B
20240226;100044;3313.6;50;9696826389;B
20240226;100044;3313.2;50;9696826390;B
20240226;100044;3313.2;50;9696826391;B
20240226;100044;3312.8;50;9696826392;B
20240226;100044;3312.8;88;9696826393;B
20240226;100044;3313;12;9696826394;B
20240226;100044;3312.8;80;9696826395;B
20240226;100044;3313;20;9696826396;B
20240226;100044;3312.8;93;9696826397;B
20240226;100044;3313;7;9696826398;B
20240226;100044;3314.8;1;9696826512;B
20240226;100044;3314.8;1;9696826615;B
20240226;100044;3315;50;9696826711;B
20240226;100044;3315;60;9696826719;B
20240226;100044;3315;20;9696826720;B
20240226;100044;3312.2;10;9696826759;S
20240226;100044;3315;3;9696826761;B
20240226;100045;3314.6;100;9696826982;S
20240226;100045;3312.6;200;9696826983;S
20240226;100045;3314.8;6;9696826986;B
20240226;100045;3312.6;2;9696827039;S
20240226;100045;3312.6;40;9696827046;S
20240226;100045;3312.6;40;9696827142;S
20240226;100045;3311.4;30;9696827180;S
20240226;100045;3314.2;1;9696827238;B
20240226;100046;3314;2;9696827353;B
20240226;100046;3313.2;20;9696827354;S
20240226;100046;3313.2;50;9696827489;S
20240226;100046;3314;1;9696827584;B
20240226;100046;3313.2;1;9696827587;S
20240226;100046;3313.2;7;9696827590;S
20240226;100046;3313.2;21;9696827596;S
20240226;100046;3313.2;1;9696827597;S
20240226;100046;3313.4;1;9696827764;B
20240226;100046;3313.4;2;9696827828;B
20240226;100047;3313.4;21;9696827887;B
20240226;100047;3313.4;36;9696827909;B
20240226;100047;3313.6;268;9696827910;B
20240226;100047;3313.6;1;9696827925;B
20240226;100047;3313.2;45;9696828086;B
20240226;100047;3313.4;48;9696828087;B
20240226;100047;3312.4;5;9696828143;S
20240226;100047;3311;20;9696828144;S
20240226;100047;3310.4;13;9696828328;S
20240226;100048;3310.4;30;9696828867;S
20240226;100048;3312.8;1;9696828900;B
20240226;100048;3312.6;1;9696829003;B
20240226;100049;3310.4;41;9696829030;S
20240226;100049;3312.6;1;9696829131;B
20240226;100049;3309;52;9696829152;S
20240226;100049;3309;50;9696829153;S
20240226;100049;3309;7;9696829154;S
20240226;100049;3309;3;9696829199;S
20240226;100049;3310.6;10;9696829231;S
20240226;100049;3309;79;9696829232;S
20240226;100049;3309;52;9696829233;S
20240226;100049;3308.8;40;9696829234;S
20240226;100049;3308.6;19;9696829235;S
20240226;100049;3308.8;1;9696829244;S
20240226;100049;3312;3;9696829328;B
20240226;100049;3312;1;9696829385;B
20240226;100049;3308.8;3;9696829416;S
20240226;100049;3312;1;9696829498;B
20240226;100050;3312;1;9696829537;B
20240226;100050;3308.8;28;9696829555;S
20240226;100050;3311.8;1;9696829807;B
20240226;100050;3308.6;6;9696829861;S
20240226;100050;3311.2;1;9696829895;B
20240226;100050;3311.2;59;9696829910;B
20240226;100050;3311.4;15;9696829911;B
20240226;100051;3311.6;20;9696830025;B
20240226;100051;3311.8;1;9696830180;B
20240226;100051;3311.6;1;9696830200;B
20240226;100051;3311.6;1;9696830241;B
20240226;100051;3310;5;9696830270;S
20240226;100051;3311.6;8;9696830377;B
20240226;100051;3311.8;29;9696830378;B
20240226;100051;3311.8;20;9696830379;B
20240226;100051;3312;4;9696830380;B
20240226;100051;3312.2;10;9696830381;B
20240226;100051;3312.4;3;9696830382;B
20240226;100051;3313.6;10;9696830383;B
20240226;100051;3313.8;40;9696830384;B
20240226;100051;3313.8;60;9696830385;B
20240226;100051;3314.4;60;9696830386;B
20240226;100051;3315.8;60;9696830387;B
20240226;100051;3316.4;60;9696830388;B
20240226;100051;3316.6;10;9696830389;B
20240226;100051;3316.6;340;9696830390;B
20240226;100051;3317.2;52;9696830391;B
20240226;100051;3317.2;60;9696830392;B
20240226;100051;3318;60;9696830393;B
20240226;100051;3319.2;20;9696830394;B
20240226;100051;3319.2;94;9696830395;B
20240226;100052;3318.6;1;9696830556;B
20240226;100052;3313.4;33;9696830674;S
20240226;100052;3313.4;27;9696830709;S
20240226;100052;3313.4;13;9696830710;S
20240226;100052;3313.4;1;9696830791;S
20240226;100052;3313.4;38;9696830800;S
20240226;100052;3313.4;60;9696830801;S
20240226;100052;3313.2;41;9696830802;S
20240226;100053;3318.6;2;9696830844;B
20240226;100053;3318.6;30;9696830853;B
20240226;100053;3318.6;1;9696830920;B
20240226;100053;3314.2;52;9696830927;S
20240226;100053;3314;1;9696830928;S
20240226;100053;3313.4;60;9696830929;S
20240226;100053;3313.2;9;9696830930;S
20240226;100053;3312.8;40;9696830931;S
20240226;100053;3312.6;60;9696830932;S
20240226;100053;3311.8;60;9696830933;S
20240226;100053;3311.4;148;9696830934;S
20240226;100053;3310.2;2;9696831129;S
20240226;100053;3310.2;2;9696831165;S
20240226;100054;3314.6;1;9696831271;B
20240226;100054;3314.6;1;9696831411;B
20240226;100054;3314.6;38;9696831445;B
20240226;100054;3315.4;10;9696831446;B
20240226;100054;3315.6;60;9696831447;B
20240226;100054;3315.8;85;9696831448;B
20240226;100054;3316.6;7;9696831449;B
20240226;100054;3317;60;9696831484;B
20240226;100054;3313;36;9696831677;S
20240226;100055;3315;50;9696831766;B
20240226;100055;3316.4;60;9696831767;B
20240226;100055;3317.2;25;9696831768;B
20240226;100055;3317.2;60;9696831769;B
20240226;100055;3317.4;51;9696831770;B
20240226;100055;3317.6;5;9696831771;B
20240226;100055;3318;60;9696831772;B
20240226;100055;3318.4;52;9696831773;B
20240226;100055;3319;60;9696831774;B
20240226;100055;3319.8;60;9696831775;B
20240226;100055;3320;42;9696831776;B
20240226;100055;3320;400;9696831777;B
20240226;100055;3320.4;200;9696831778;B
20240226;100055;3320.4;60;9696831779;B
20240226;100055;3320.6;400;9696831780;B
20240226;100055;3320.8;4;9696831781;B
20240226;100055;3322;5;9696831782;B
20240226;100055;3322.4;8;9696831783;B
20240226;100055;3322.4;200;9696831784;B
20240226;100055;3323;20;9696831785;B
20240226;100055;3323;100;9696831786;B
20240226;100055;3323.2;2;9696831787;B
20240226;100055;3323.2;120;9696831788;B
20240226;100055;3323.4;481;9696831789;B
20240226;100055;3322;1;9696831835;S
20240226;100055;3322;9;9696831836;S
20240226;100055;3323.2;21;9696831886;B
20240226;100055;3322;11;9696831899;S
20240226;100055;3319.2;1;9696831935;S
20240226;100055;3322.6;1;9696831970;B
20240226;100055;3322.6;35;9696831971;B
20240226;100055;3322;1;9696832315;S
20240226;100056;3319.6;1;9696832456;B
20240226;100056;3318.6;40;9696832501;S
20240226;100056;3319.6;2;9696832571;B
20240226;100056;3320.8;2;9696832921;S
20240226;100057;3321;1;9696832974;B
20240226;100057;3321;5;9696833052;B
20240226;100057;3321;1;9696833097;B
20240226;100057;3321;1;9696833159;B
20240226;100057;3320.8;4;9696833166;S
20240226;100057;3321;10;9696833196;B
20240226;100057;3320.8;10;9696833366;S
20240226;100058;3321;1;9696833478;B
20240226;100058;3320.8;2;9696833636;S
20240226;100058;3321;1;9696833646;B
20240226;100058;3320.8;4;9696833670;S
20240226;100058;3321;8;9696833699;B
20240226;100058;3320.8;200;9696833715;S
20240226;100058;3320.8;2;9696833765;S
20240226;100058;3320.8;2;9696833886;S
20240226;100058;3320.8;1;9696833893;S
20240226;100058;3320.8;1;9696833897;S
20240226;100058;3320.8;5;9696833944;S
20240226;100058;3320.8;185;9696833946;S
20240226;100058;3320.8;32;9696833947;S
20240226;100059;3320.8;2;9696834032;S
20240226;100059;3321;1;9696834262;B
20240226;100059;3321;1;9696834287;B
20240226;100100;3321;1;9696834531;B
20240226;100100;3320.8;5;9696834619;S
20240226;100100;3321;1;9696834630;B
20240226;100100;3321;20;9696834809;B
20240226;100101;3321;10;9696835230;B
20240226;100101;3320.8;59;9696835402;S
20240226;100102;3321;31;9696835598;B
20240226;100102;3320.8;5;9696835955;S
20240226;100103;3321;28;9696836057;B
20240226;100103;3321;5;9696836058;B
20240226;100103;3321.2;67;9696836059;B
20240226;100103;3321.2;1;9696836347;B
20240226;100104;3321.2;20;9696836692;B
20240226;100104;3321;5;9696836767;S
20240226;100105;3321.2;10;9696836913;B
20240226;100105;3321.2;100;9696837046;B
20240226;100105;3321.2;52;9696837093;B
20240226;100106;3322;1;9696837431;B
20240226;100106;3323;8;9696837432;B
20240226;100107;3321.2;60;9696837968;S
20240226;100107;3321.2;40;9696837969;S
20240226;100107;3323;77;9696837970;B
20240226;100107;3323.2;15;9696837971;B
20240226;100107;3323.4;8;9696837972;B
20240226;100107;3322.2;5;9696837986;B
20240226;100108;3323.2;1;9696838152;S
20240226;100108;3323.2;20;9696838408;S
20240226;100109;3323.2;1;9696838546;S
20240226;100109;3323.2;38;9696838660;S
20240226;100109;3323.2;3;9696838661;S
20240226;100109;3323.2;3;9696838662;S
20240226;100109;3323;10;9696838663;S
20240226;100109;3322.4;60;9696838664;S
20240226;100109;3322;5;9696838665;S
20240226;100110;3323.2;3;9696838962;S
20240226;100110;3323;17;9696838963;S
20240226;100110;3323.4;6;9696839079;B
20240226;100111;3323.2;5;9696839479;B
20240226;100111;3323.4;4;9696839480;B
20240226;100111;3323.4;150;9696839730;B
20240226;100111;3323.4;50;9696839731;B
20240226;100112;3323.2;2;9696840318;S
20240226;100114;3323.4;250;9696841026;B
20240226;100115;3323.4;330;9696841143;B
20240226;100115;3323.2;1;9696841165;S
20240226;100115;3323.2;10;9696841187;S
20240226;100115;3323.4;5;9696841315;B
20240226;100116;3323.2;3;9696841550;S
20240226;100116;3323.2;17;9696841551;S
20240226;100117;3323.4;90;9696841940;B
20240226;100117;3323.4;5;9696841941;B
20240226;100117;3323.2;68;9696841972;S
20240226;100118;3323.2;15;9696842306;S
20240226;100118;3322;15;9696842307;S
20240226;100118;3323.4;2;9696842334;B
20240226;100119;3322;20;9696842717;S
20240226;100122;3322;4;9696844010;S
20240226;100122;3322;1;9696844011;S
20240226;100122;3321;53;9696844012;S
20240226;100122;3322.8;115;9696844154;B
20240226;100123;3321;20;9696844311;S
20240226;100124;3322.8;2;9696844722;B
20240226;100124;3321;50;9696844767;S
20240226;100124;3322;3;9696844849;B
20240226;100124;3322;100;9696844866;B
20240226;100125;3321;5;9696845134;S
20240226;100125;3322;30;9696845223;B
20240226;100126;3322;10;9696845318;B
20240226;100126;3321;167;9696845396;S
20240226;100126;3321;14;9696845397;S
20240226;100126;3321;10;9696845398;S
20240226;100126;3321;250;9696845399;S
20240226;100126;3321;2;9696845400;S
20240226;100126;3321;2;9696845401;S
20240226;100126;3321;2;9696845402;S
20240226;100126;3321;2;9696845403;S
20240226;100126;3321;1;9696845404;S
20240226;100126;3321.8;50;9696845440;B
20240226;100127;3321.4;10;9696845592;B
20240226;100127;3321;1;9696845724;S
20240226;100127;3321;2;9696845725;S
20240226;100127;3320.8;132;9696845726;S
20240226;100127;3320.8;45;9696845727;S
20240226;100127;3321.4;10;9696845732;B
20240226;100127;3321.4;3;9696845789;B
20240226;100128;3320.8;25;9696845929;S
20240226;100128;3320.8;1;9696845967;S
20240226;100128;3320.8;24;9696846000;S
20240226;100128;3320.8;1;9696846001;S
20240226;100128;3320;5;9696846032;S
20240226;100128;3318.4;5;9696846208;S
20240226;100129;3317;10;9696846247;S
20240226;100129;3317;11;9696846268;S
20240226;100131;3317.6;10;9696847015;B
20240226;100131;3316;25;9696847028;S
20240226;100132;3316.2;52;9696847257;S
20240226;100132;3316.2;30;9696847258;S
20240226;100132;3316.2;35;9696847259;S
20240226;100133;3317.6;33;9696847685;B
20240226;100133;3317.6;1;9696847853;B
20240226;100133;3317.6;6;9696847887;B
20240226;100133;3318;2;9696847888;B
20240226;100134;3318;3;9696847963;B
20240226;100134;3318.2;7;9696847964;B
20240226;100134;3318.2;1;9696848013;B
20240226;100135;3318;60;9696848205;B
20240226;100135;3318.2;44;9696848206;B
20240226;100135;3318.8;60;9696848207;B
20240226;100135;3319.4;60;9696848208;B
20240226;100135;3319.8;26;9696848209;B
20240226;100135;3320;1;9696848210;B
20240226;100135;3320;37;9696848211;B
20240226;100136;3319.6;1;9696848764;B
20240226;100137;3319.6;46;9696848797;B
20240226;100137;3316.6;60;9696848971;S
20240226;100137;3316.6;52;9696848972;S
20240226;100137;3316.4;5;9696848973;S
20240226;100137;3315.8;1;9696849106;S
20240226;100138;3316;10;9696849136;B
20240226;100138;3316;5;9696849548;B
20240226;100139;3315.8;51;9696849606;S
20240226;100139;3315.8;2;9696849607;S
20240226;100139;3316;20;9696849613;B
20240226;100140;3316;4;9696850027;B
20240226;100141;3315.8;49;9696850382;S
20240226;100141;3315.8;1;9696850383;S
20240226;100141;3316;73;9696850400;B
20240226;100142;3316;10;9696850801;B
20240226;100142;3315.8;115;9696850988;S
20240226;100142;3315.6;1;9696850989;S
20240226;100142;3315;5;9696850990;S
20240226;100142;3315;50;9696850991;S
20240226;100142;3315;29;9696850992;S
20240226;100142;3316;19;9696851013;B
20240226;100143;3315;18;9696851107;S
20240226;100146;3315.2;52;9696852119;S
20240226;100146;3315;423;9696852120;S
20240226;100150;3315.6;4;9696853630;B
20240226;100150;3315.2;1;9696853724;S
20240226;100150;3315;30;9696853725;S
20240226;100150;3315;93;9696853726;S
20240226;100150;3315;7;9696853748;S
20240226;100150;3315;3;9696853749;S
20240226;100150;3315.6;20;9696853783;B
20240226;100151;3315;7;9696853928;S
20240226;100151;3314.8;3;9696853929;S
20240226;100153;3315;5;9696854555;S
20240226;100153;3315.2;3;9696854630;B
20240226;100153;3315.2;597;9696854631;B
20240226;100153;3315.2;20;9696854686;B
20240226;100153;3315.4;10;9696854687;B
20240226;100154;3315;2;9696854793;B
20240226;100154;3315.4;5;9696854794;B
20240226;100155;3315.4;338;9696855176;B
20240226;100155;3315.4;310;9696855214;B
20240226;100155;3315.4;47;9696855388;B
20240226;100155;3315.4;43;9696855389;B
20240226;100156;3315;74;9696855601;S
20240226;100156;3315;5;9696855741;S
20240226;100156;3315.4;1;9696855839;B
20240226;100158;3315;1;9696856251;S
20240226;100158;3315.4;200;9696856319;B
20240226;100159;3315;6;9696856808;S
20240226;100200;3315.4;2;9696857007;B
20240226;100200;3315.4;1;9696857122;B
20240226;100201;3315;10;9696857495;S
20240226;100201;3315;200;9696857500;S
20240226;100203;3315;50;9696857966;S
20240226;100204;3315;154;9696858272;S
20240226;100204;3315;10;9696858273;S
20240226;100204;3315;3;9696858274;S
20240226;100204;3313.6;4;9696858275;S
20240226;100204;3313;4;9696858276;S
20240226;100204;3312.6;176;9696858277;S
20240226;100205;3312;10;9696858803;S
20240226;100205;3312;10;9696858804;S
20240226;100205;3311.8;30;9696858805;S
20240226;100205;3314.4;3;9696858811;B
20240226;100205;3311.8;34;9696858821;S
20240226;100205;3311.6;10;9696858822;S
20240226;100205;3311.4;56;9696858823;S
20240226;100205;3312.4;10;9696858935;B
20240226;100207;3312;1;9696859725;B
20240226;100207;3311.8;6;9696859748;S
20240226;100208;3311.8;3;9696859914;S
20240226;100208;3312;1;9696860037;B
20240226;100209;3312;2;9696860470;B
20240226;100210;3312;20;9696860731;B
20240226;100210;3312;1;9696860843;B
20240226;100212;3311.8;11;9696861395;S
20240226;100212;3311.8;39;9696861396;S
20240226;100213;3312;3;9696861838;B
20240226;100214;3311.8;1;9696862231;S
20240226;100214;3312;50;9696862310;B
20240226;100214;3312;196;9696862311;B
20240226;100214;3312;4;9696862312;B
20240226;100214;3312;36;9696862313;B
20240226;100214;3312;1;9696862314;B
20240226;100214;3312.2;25;9696862315;B
20240226;100214;3312.4;20;9696862316;B
20240226;100214;3312.4;44;9696862319;B
20240226;100214;3313.8;30;9696862320;B
20240226;100214;3313.8;10;9696862321;B
20240226;100214;3314;50;9696862322;B
20240226;100214;3314;58;9696862323;B
20240226;100214;3314.4;2;9696862324;B
20240226;100214;3315;22;9696862325;B
20240226;100214;3315;1;9696862326;B
20240226;100214;3315;1;9696862327;B
20240226;100214;3315.2;1;9696862328;B
20240226;100214;3315.2;1;9696862329;B
20240226;100214;3315.2;1;9696862330;B
20240226;100214;3315.2;3;9696862331;B
20240226;100214;3315.4;28;9696862333;B
20240226;100214;3315.4;2;9696862334;B
20240226;100214;3315.4;1;9696862335;B
20240226;100214;3315.6;16;9696862336;B
20240226;100214;3315.6;10;9696862337;B
20240226;100214;3316;27;9696862339;B
20240226;100214;3316;30;9696862340;B
20240226;100214;3316;200;9696862341;B
20240226;100214;3316;200;9696862342;B
20240226;100214;3316;150;9696862343;B
20240226;100214;3316;35;9696862344;B
20240226;100214;3316;1;9696862345;B
20240226;100214;3316;117;9696862346;B
20240226;100214;3316;47;9696862347;B
20240226;100214;3316;3;9696862348;B
20240226;100214;3317;10;9696862350;B
20240226;100214;3317.8;100;9696862351;B
20240226;100214;3317.8;86;9696862354;B
20240226;100214;3318;20;9696862356;B
20240226;100214;3318;180;9696862357;B
20240226;100214;3318;50;9696862358;B
20240226;100215;3318;100;9696862379;B
20240226;100215;3318;70;9696862380;B
20240226;100215;3318;110;9696862381;B
20240226;100215;3318;28;9696862382;B
20240226;100215;3319.8;69;9696862384;B
20240226;100215;3320;20;9696862385;B
20240226;100215;3320;10;9696862386;B
20240226;100215;3320;50;9696862387;B
20240226;100215;3320;9;9696862388;B
20240226;100215;3320;10;9696862389;B
20240226;100215;3320;132;9696862390;B
20240226;100215;3320;5;9696862391;B
20240226;100215;3320.4;5;9696862392;B
20240226;100215;3320.4;52;9696862393;B
20240226;100215;3320.6;60;9696862394;B
20240226;100215;3320.8;33;9696862395;B
20240226;100215;3320.8;13;9696862396;B
20240226;100215;3321;17;9696862397;B
20240226;100215;3321.2;5;9696862398;B
20240226;100215;3321.2;36;9696862399;B
20240226;100215;3321.2;16;9696862404;B
20240226;100215;3321.2;50;9696862405;B
20240226;100215;3321.2;64;9696862406;B
20240226;100215;3321.2;150;9696862407;B
20240226;100215;3321.2;147;9696862408;B
20240226;100215;3321;10;9696862415;S
20240226;100215;3321;1;9696862439;S
20240226;100215;3321.2;10;9696862505;B
20240226;100216;3321.2;39;9696862677;B
20240226;100216;3321.2;67;9696862681;B
20240226;100216;3318;50;9696862683;S
20240226;100216;3317.6;186;9696862757;S
20240226;100216;3317.2;60;9696862758;S
20240226;100216;3317.2;52;9696862759;S
20240226;100216;3316.2;2;9696862760;S
20240226;100218;3318.8;70;9696863419;S
20240226;100218;3318.6;5;9696863420;S
20240226;100218;3318.2;1;9696863421;S
20240226;100218;3318;24;9696863422;S
20240226;100219;3319.8;10;9696863690;B
20240226;100219;3319.8;1;9696863785;B
20240226;100221;3318.6;50;9696864337;S
20240226;100221;3318;26;9696864338;S
20240226;100221;3317.6;50;9696864339;S
20240226;100221;3317.2;144;9696864340;S
20240226;100223;3317.2;32;9696865211;S
20240226;100223;3317.2;10;9696865212;S
20240226;100223;3317;58;9696865213;S
20240226;100226;3317.2;3;9696866227;S
20240226;100226;3317;19;9696866228;S
20240226;100227;3317.4;13;9696866387;B
20240226;100228;3317;68;9696866708;S
20240226;100229;3317;55;9696866894;S
20240226;100229;3317;45;9696866895;S
20240226;100229;3317.2;150;9696867131;B
20240226;100230;3317;15;9696867168;S
20240226;100230;3317.2;1;9696867302;B
20240226;100230;3317.2;1;9696867454;B
20240226;100231;3317.2;1;9696867693;B
20240226;100231;3317;32;9696867782;S
20240226;100231;3317;1;9696867783;S
20240226;100231;3315.6;50;9696867784;S
20240226;100231;3315;15;9696867785;S
20240226;100231;3315;52;9696867786;S
20240226;100232;3316.6;47;9696867920;B
20240226;100232;3316.6;5;9696868072;B
20240226;100233;3316.4;7;9696868223;B
20240226;100234;3314.4;4;9696868547;S
20240226;100235;3314.8;24;9696868805;B
20240226;100235;3315;120;9696868806;B
20240226;100235;3316;10;9696868807;B
20240226;100235;3316.4;20;9696868808;B
20240226;100235;3316.4;186;9696868809;B
20240226;100235;3316.6;119;9696868810;B
20240226;100235;3314.6;5;9696868829;S
20240226;100235;3314.4;27;9696868904;S
20240226;100235;3314.4;52;9696869131;S
20240226;100235;3314.2;30;9696869132;S
20240226;100235;3313.8;60;9696869133;S
20240226;100235;3313.2;1;9696869134;S
20240226;100235;3313;10;9696869135;S
20240226;100235;3313;181;9696869136;S
20240226;100235;3312.8;10;9696869137;S
20240226;100235;3312.8;60;9696869138;S
20240226;100235;3312.4;120;9696869139;S
20240226;100235;3312.2;60;9696869140;S
20240226;100235;3312.2;40;9696869141;S
20240226;100235;3312.2;400;9696869142;S
20240226;100235;3312;25;9696869143;S
20240226;100235;3312;10;9696869144;S
20240226;100235;3312;15;9696869145;S
20240226;100235;3311.8;2;9696869146;S
20240226;100235;3311.8;60;9696869147;S
20240226;100235;3311.4;60;9696869148;S
20240226;100235;3311;2;9696869149;S
20240226;100235;3311;500;9696869150;S
20240226;100235;3310.6;60;9696869151;S
20240226;100235;3310.4;1;9696869152;S
20240226;100235;3310.2;150;9696869153;S
20240226;100235;3310.2;10;9696869154;S
20240226;100235;3310.2;36;9696869155;S
20240226;100235;3310.2;5;9696869156;S
20240226;100235;3310;450;9696869157;S
20240226;100235;3310;5;9696869158;S
20240226;100235;3310;10;9696869159;S
20240226;100235;3310;150;9696869160;S
20240226;100235;3310;500;9696869161;S
20240226;100235;3310;60;9696869162;S
20240226;100235;3309.2;10;9696869163;S
20240226;100235;3309.2;90;9696869164;S
20240226;100235;3307.2;150;9696869165;S
20240226;100235;3307;231;9696869166;S
20240226;100235;3306.8;3;9696869167;S
20240226;100235;3306.8;3;9696869168;S
20240226;100235;3306.8;3;9696869169;S
20240226;100235;3306.8;3;9696869170;S
20240226;100235;3306.6;3;9696869171;S
20240226;100235;3306.6;3;9696869172;S
20240226;100235;3306.6;3;9696869173;S
20240226;100235;3306.4;3;9696869174;S
20240226;100235;3306.4;1;9696869175;S
20240226;100235;3306.4;200;9696869176;S
20240226;100235;3306.2;120;9696869177;S
20240226;100235;3305.4;1;9696869178;S
20240226;100235;3305.4;1;9696869179;S
20240226;100235;3305.4;1;9696869180;S
20240226;100235;3305.4;500;9696869181;S
20240226;100235;3305;100;9696869182;S
20240226;100235;3304.6;1;9696869183;S
20240226;100235;3304.6;170;9696869184;S
20240226;100236;3308.6;52;9696869325;S
20240226;100236;3308.4;30;9696869326;S
20240226;100236;3308.4;43;9696869327;S
20240226;100238;3308.6;10;9696869887;S
20240226;100238;3309.4;3;9696869925;B
20240226;100238;3309.4;9;9696870103;B
20240226;100238;3309.4;10;9696870104;B
20240226;100238;3309.8;200;9696870105;B
20240226;100238;3310;60;9696870106;B
20240226;100238;3311;40;9696870107;B
20240226;100238;3311.2;60;9696870108;B
20240226;100238;3311.8;60;9696870109;B
20240226;100238;3312.4;60;9696870110;B
20240226;100238;3312.8;52;9696870111;B
20240226;100238;3313.2;60;9696870112;B
20240226;100238;3313.8;190;9696870113;B
20240226;100238;3313.8;186;9696870114;B
20240226;100238;3314;60;9696870115;B
20240226;100238;3314.8;65;9696870116;B
20240226;100239;3314;1;9696870234;B
20240226;100239;3314.2;2;9696870411;B
20240226;100240;3310.4;1;9696870649;S
20240226;100241;3313.2;2;9696870816;B
20240226;100242;3311.4;5;9696871144;S
20240226;100242;3310.8;4;9696871145;S
20240226;100242;3312.8;8;9696871184;B
20240226;100243;3312.4;6;9696871712;B
20240226;100244;3311.6;1;9696872078;B
20240226;100244;3311.8;5;9696872079;B
20240226;100244;3312;9;9696872080;B
20240226;100245;3311;1;9696872303;B
20240226;100246;3311;4;9696872435;B
20240226;100246;3310.8;6;9696872574;S
20240226;100246;3310.6;5;9696872575;S
20240226;100246;3310;30;9696872576;S
20240226;100247;3309.8;1;9696872982;B
20240226;100248;3309.8;2;9696873204;B
20240226;100248;3310;1;9696873205;B
20240226;100248;3308.6;50;9696873216;S
20240226;100249;3309.8;2;9696873556;B
20240226;100249;3310;48;9696873557;B
20240226;100250;3308.6;1;9696873896;S
20240226;100251;3308.4;5;9696874144;S
20240226;100252;3308.6;2;9696874557;S
20240226;100252;3308.4;1;9696874558;S
20240226;100254;3308.4;39;9696875446;S
20240226;100254;3308.2;30;9696875447;S
20240226;100254;3308.2;30;9696875448;S
20240226;100254;3308;60;9696875449;S
20240226;100254;3308;52;9696875450;S
20240226;100254;3307.8;89;9696875451;S
20240226;100255;3309.2;1;9696875566;B
20240226;100255;3309.4;386;9696875567;B
20240226;100255;3309.6;60;9696875568;B
20240226;100255;3310;6;9696875569;B
20240226;100255;3310;22;9696875570;B
20240226;100255;3310;676;9696875571;B
20240226;100255;3310;27;9696875572;B
20240226;100255;3310;9;9696875810;B
20240226;100255;3310.2;56;9696875839;B
20240226;100255;3310.2;9;9696875880;B
20240226;100256;3310;11;9696875947;S
20240226;100256;3308;51;9696875948;S
20240226;100256;3310.2;1;9696876041;B
20240226;100257;3309.8;50;9696876205;B
20240226;100257;3308.6;30;9696876342;S
20240226;100257;3308.4;52;9696876343;S
20240226;100257;3308.4;10;9696876344;S
20240226;100257;3308;8;9696876345;S
20240226;100258;3308.2;1;9696876619;S
20240226;100258;3308.2;2;9696876620;S
20240226;100259;3309.8;101;9696876874;B
20240226;100259;3310;99;9696876875;B
20240226;100300;3308.4;4;9696877375;S
20240226;100301;3308.2;1;9696877433;S
20240226;100301;3308;1;9696877516;S
20240226;100301;3308.6;8;9696877713;B
20240226;100302;3309.8;3;9696877870;B
20240226;100304;3310;5;9696878792;B
20240226;100304;3310;2;9696878924;B
20240226;100304;3310;15;9696878927;B
20240226;100304;3310;1;9696878934;B
20240226;100304;3310;1;9696878950;B
20240226;100304;3310;36;9696878961;B
20240226;100304;3310;4;9696879003;B
20240226;100304;3310;6;9696879135;B
20240226;100305;3310;1;9696879316;B
20240226;100305;3310;4;9696879317;B
20240226;100305;3310;2;9696879318;B
20240226;100305;3310;1;9696879372;B
20240226;100305;3309.4;2;9696879641;S
20240226;100306;3310;13;9696879687;B
20240226;100306;3310;1;9696879688;B
20240226;100306;3309.8;53;9696879748;S
20240226;100306;3310.4;1;9696879749;B
20240226;100306;3310.6;1;9696879783;B
20240226;100308;3310;2;9696880421;S
20240226;100308;3310;3;9696880596;S
20240226;100308;3309.8;47;9696880597;S
20240226;100308;3308.8;12;9696880598;S
20240226;100308;3308.6;5;9696880599;S
20240226;100308;3308.4;1;9696880600;S
20240226;100308;3308.4;60;9696880601;S
20240226;100308;3308.2;5;9696880602;S
20240226;100308;3308.2;1;9696880603;S
20240226;100308;3308.2;116;9696880604;S
20240226;100309;3310.6;1;9696880946;B
20240226;100309;3310.6;13;9696880983;B
20240226;100309;3310.8;44;9696880984;B
20240226;100310;3311.2;5;9696881133;S
20240226;100310;3312;1;9696881145;B
20240226;100310;3311.8;4;9696881412;B
20240226;100310;3311.8;15;9696881440;B
20240226;100311;3312;2;9696881615;B
20240226;100312;3311.4;10;9696881971;S
20240226;100312;3311.2;50;9696882145;S
20240226;100313;3312;5;9696882320;B
20240226;100314;3311.2;3;9696882408;S
20240226;100315;3312;18;9696882695;B
20240226;100315;3312;69;9696882696;B
20240226;100315;3312.4;24;9696882697;B
20240226;100315;3312.6;81;9696882698;B
20240226;100315;3312.4;19;9696882743;S
20240226;100317;3312.6;4;9696883327;S
20240226;100317;3311.8;76;9696883328;S
20240226;100318;3311.8;1;9696883862;S
20240226;100319;3311.8;23;9696883926;S
20240226;100319;3311;2;9696883927;S
20240226;100319;3313;8;9696884214;B
20240226;100320;3313;41;9696884341;B
20240226;100320;3313.8;18;9696884342;B
20240226;100321;3314;2;9696884743;B
20240226;100321;3314;2;9696884744;B
20240226;100322;3313.8;1;9696885059;S
20240226;100323;3314;3;9696885249;B
20240226;100323;3314.8;1;9696885250;B
20240226;100323;3314.8;26;9696885251;B
20240226;100323;3315;1;9696885330;B
20240226;100324;3314.2;17;9696885561;S
20240226;100325;3315;5;9696886004;B
20240226;100325;3315;14;9696886057;B
20240226;100325;3315;50;9696886287;B
20240226;100325;3314.2;83;9696886318;S
20240226;100325;3314;5;9696886339;B
20240226;100325;3314;30;9696886354;B
20240226;100326;3314;5;9696886466;B
20240226;100328;3313.6;1;9696887024;S
20240226;100329;3313.6;99;9696887368;S
20240226;100330;3313.2;1;9696887681;S
20240226;100331;3313.2;99;9696887936;S
20240226;100332;3313.2;1;9696888095;B
20240226;100332;3313.6;1;9696888096;B
20240226;100333;3313.6;1;9696888618;B
20240226;100333;3313.6;9;9696888619;B
20240226;100334;3313.4;7;9696888841;S
20240226;100335;3313.6;1;9696889152;B
20240226;100335;3313.8;114;9696889153;B
20240226;100336;3314;7;9696889459;B
20240226;100336;3313.4;5;9696889522;S
20240226;100336;3313.4;95;9696889734;S
20240226;100336;3313;5;9696889735;S
20240226;100337;3313;7;9696889951;S
20240226;100338;3313;1;9696889975;S
20240226;100338;3313;1;9696890100;S
20240226;100338;3313.2;3;9696890232;B
20240226;100338;3313;2;9696890237;S
20240226;100338;3313;1;9696890238;S
20240226;100338;3313;16;9696890272;B
20240226;100338;3313.2;1;9696890309;B
20240226;100339;3312.8;5;9696890407;S
20240226;100340;3313;2;9696890765;B
20240226;100340;3312.8;13;9696890871;S
20240226;100340;3312.8;82;9696890872;S
20240226;100340;3312;2;9696890874;S
20240226;100340;3312;8;9696890911;B
20240226;100340;3312.6;22;9696890912;B
20240226;100341;3312.8;1;9696891142;B
20240226;100342;3312.6;10;9696891389;B
20240226;100342;3312.8;20;9696891390;B
20240226;100342;3311.4;1;9696891446;S
20240226;100345;3313;13;9696892107;B
20240226;100345;3313;10;9696892110;S
20240226;100345;3313.2;1;9696892255;B
20240226;100345;3313.4;9;9696892256;B
20240226;100348;3313;7;9696892832;S
20240226;100348;3313;4;9696892833;S
20240226;100348;3312.8;100;9696892995;S
20240226;100348;3312.2;4;9696892996;S
20240226;100348;3311.6;5;9696892997;S
20240226;100348;3311.4;76;9696892998;S
20240226;100348;3311.2;45;9696892999;S
20240226;100350;3313;32;9696893402;S
20240226;100351;3313.4;1;9696893583;B
20240226;100352;3313.4;3;9696893845;B
20240226;100352;3313;68;9696893851;S
20240226;100352;3312.8;6;9696893852;S
20240226;100352;3312.8;1;9696893853;S
20240226;100352;3312.4;100;9696893854;S
20240226;100352;3311.8;76;9696893855;S
20240226;100352;3311.6;49;9696893856;S
20240226;100352;3313.2;60;9696893866;B
20240226;100352;3313.4;6;9696893867;B
20240226;100352;3313.4;111;9696893868;B
20240226;100352;3313.6;1;9696893869;B
20240226;100352;3313.6;5;9696893870;B
20240226;100352;3314;817;9696893871;B
20240226;100354;3313.8;1;9696894392;S
20240226;100354;3313.8;2;9696894441;S
20240226;100355;3314;53;9696894585;B
20240226;100355;3314;1;9696894586;B
20240226;100355;3314;110;9696894587;B
20240226;100355;3314.2;20;9696894588;B
20240226;100355;3314.2;52;9696894589;B
20240226;100355;3315;104;9696894590;B
20240226;100355;3314.6;10;9696894828;S
20240226;100356;3315;86;9696894921;B
20240226;100356;3315;1;9696894942;B
20240226;100357;3315;539;9696895141;B
20240226;100357;3315;20;9696895142;B
20240226;100357;3315;20;9696895143;B
20240226;100357;3315;20;9696895144;B
20240226;100357;3315;2;9696895145;B
20240226;100357;3315;100;9696895146;B
20240226;100357;3315;251;9696895147;B
20240226;100357;3315;20;9696895148;B
20240226;100357;3315;50;9696895149;B
20240226;100357;3315;2;9696895150;B
20240226;100357;3315;50;9696895151;B
20240226;100357;3315;1;9696895152;B
20240226;100357;3315.2;110;9696895153;B
20240226;100357;3315.2;52;9696895154;B
20240226;100357;3315.4;60;9696895155;B
20240226;100357;3316;5;9696895156;B
20240226;100357;3316.2;60;9696895157;B
20240226;100357;3316.6;659;9696895158;B
20240226;100357;3317;7;9696895159;B
20240226;100357;3317;72;9696895160;B
20240226;100358;3316.6;1;9696895581;S
20240226;100358;3317;1;9696895635;B
20240226;100359;3317;5;9696895655;B
20240226;100400;3316.6;99;9696895873;S
20240226;100400;3315.4;5;9696895874;S
20240226;100400;3315.4;16;9696895875;B
20240226;100400;3315.4;3;9696895876;B
20240226;100400;3315.4;97;9696895877;B
20240226;100400;3314.2;4;9696895886;S
20240226;100400;3315;104;9696896109;S
20240226;100402;3316.2;10;9696896405;B
20240226;100402;3316.2;60;9696896406;B
20240226;100402;3316.4;21;9696896407;B
20240226;100402;3316.4;154;9696896408;B
20240226;100402;3316.6;105;9696896409;B
20240226;100402;3316.8;14;9696896623;B
20240226;100403;3315.4;27;9696896794;S
20240226;100405;3315.6;2;9696897290;S
20240226;100406;3315.6;1;9696897732;S
20240226;100407;3315.6;93;9696898064;S
20240226;100407;3315.4;7;9696898065;S
20240226;100407;3315.2;1;9696898085;S
20240226;100407;3315;2;9696898086;S
20240226;100407;3315;2;9696898087;S
20240226;100407;3314.8;34;9696898088;S
20240226;100407;3316.6;1;9696898097;B
20240226;100411;3315;1;9696898990;S
20240226;100411;3314.6;34;9696898991;S
20240226;100411;3314.4;152;9696898992;S
20240226;100411;3314;150;9696898993;S
20240226;100411;3314;52;9696898994;S
20240226;100411;3313.8;2;9696898995;S
20240226;100411;3313.4;5;9696898996;S
20240226;100411;3313.4;10;9696898997;S
20240226;100411;3313.2;40;9696898998;S
20240226;100411;3313;150;9696898999;S
20240226;100411;3313;20;9696899000;S
20240226;100411;3312.8;60;9696899001;S
20240226;100411;3312.4;5;9696899002;S
20240226;100411;3312;4;9696899003;S
20240226;100411;3311.8;5;9696899004;S
20240226;100411;3315;1;9696899113;S
20240226;100413;3314;1;9696899525;B
20240226;100413;3313.8;93;9696899605;B
20240226;100413;3314;7;9696899606;B
20240226;100414;3314;2;9696899858;B
20240226;100414;3314;6;9696899859;B
20240226;100414;3314.2;7;9696899860;B
20240226;100415;3314.2;48;9696900018;B
20240226;100415;3314.4;21;9696900019;B
20240226;100415;3314.6;186;9696900020;B
20240226;100415;3314.8;104;9696900021;B
20240226;100415;3314.8;40;9696900022;B
20240226;100415;3315;60;9696900023;B
20240226;100415;3315;2;9696900024;B
20240226;100415;3315.6;87;9696900025;B
20240226;100415;3315.8;60;9696900026;B
20240226;100415;3316;52;9696900027;B
20240226;100415;3316.2;23;9696900028;B
20240226;100416;3315.6;5;9696900400;S
20240226;100417;3316.2;2;9696900798;B
20240226;100417;3316.6;1;9696900799;B
20240226;100417;3316.6;2;9696900800;B
20240226;100418;3316.6;18;9696901001;B
20240226;100418;3316.6;87;9696901002;B
20240226;100418;3316.6;5;9696901087;B
20240226;100419;3316.6;1;9696901277;B
20240226;100420;3316.6;2;9696901639;B
20240226;100421;3316.6;22;9696902093;B
20240226;100421;3316.6;20;9696902094;B
20240226;100421;3316.6;101;9696902095;B
20240226;100421;3316.8;476;9696902096;B
20240226;100421;3317;122;9696902097;B
20240226;100421;3317;3;9696902098;B
20240226;100421;3317;256;9696902099;B
20240226;100423;3316.8;1;9696902395;B
20240226;100423;3317;255;9696902396;B
20240226;100423;3317;63;9696902397;B
20240226;100423;3317;10;9696902398;B
20240226;100423;3317.2;1;9696902399;B
20240226;100423;3317.2;10;9696902400;B
20240226;100423;3317.2;20;9696902401;B
20240226;100423;3317.4;1;9696902402;B
20240226;100423;3317.4;39;9696902403;B
20240226;100425;3316.8;186;9696903455;S
20240226;100425;3316.8;93;9696903456;S
20240226;100425;3316.6;56;9696903457;S
20240226;100426;3318.6;1;9696903594;B
20240226;100428;3318;1;9696904575;B
20240226;100430;3318;8;9696904938;S
20240226;100431;3317.2;1;9696905260;S
20240226;100434;3317.4;11;9696906459;B
20240226;100435;3317.4;5;9696906531;B
20240226;100435;3317.4;77;9696906554;B
20240226;100435;3317.6;19;9696906555;B
20240226;100435;3317.6;20;9696906556;B
20240226;100435;3317.6;1;9696906557;B
20240226;100435;3317.6;186;9696906558;B
20240226;100435;3317.8;29;9696906559;B
20240226;100436;3318;19;9696907094;B
20240226;100436;3318;52;9696907095;B
20240226;100436;3318.2;94;9696907096;B
20240226;100436;3318.4;19;9696907097;B
20240226;100436;3318.6;150;9696907098;B
20240226;100436;3319;1;9696907099;B
20240226;100436;3319.2;20;9696907100;B
20240226;100436;3319.2;75;9696907101;B
20240226;100436;3319.4;60;9696907102;B
20240226;100436;3319.8;1;9696907103;B
20240226;100436;3319.8;20;9696907104;B
20240226;100436;3320;1;9696907105;B
20240226;100436;3320;10;9696907106;B
20240226;100436;3320;20;9696907107;B
20240226;100436;3320;100;9696907108;B
20240226;100436;3320;15;9696907109;B
20240226;100436;3320;20;9696907110;B
20240226;100436;3320;3;9696907111;B
20240226;100436;3320;100;9696907112;B
20240226;100436;3320;2;9696907113;B
20240226;100436;3320;5;9696907114;B
20240226;100436;3320;100;9696907115;B
20240226;100436;3320;7;9696907116;B
20240226;100436;3320;1;9696907117;B
20240226;100436;3320;1;9696907118;B
20240226;100436;3320;1;9696907119;B
20240226;100436;3320;20;9696907120;B
20240226;100436;3320;9;9696907121;B
20240226;100436;3320;15;9696907122;B
20240226;100436;3320;1;9696907123;B
20240226;100436;3320;2;9696907124;B
20240226;100436;3320;60;9696907125;B
20240226;100436;3320;1;9696907126;B
20240226;100436;3320.2;1;9696907127;B
20240226;100436;3320.2;2;9696907128;B
20240226;100436;3320.4;10;9696907129;B
20240226;100436;3320.6;60;9696907130;B
20240226;100436;3321;16;9696907131;B
20240226;100436;3321;83;9696907132;B
20240226;100436;3321.2;421;9696907133;B
20240226;100436;3321.2;1;9696907134;B
20240226;100436;3321.4;60;9696907135;B
20240226;100436;3321.6;25;9696907136;B
20240226;100436;3321.8;1;9696907137;B
20240226;100436;3322;1;9696907138;B
20240226;100436;3322;300;9696907139;B
20240226;100436;3322;1;9696907140;B
20240226;100436;3322;1;9696907141;B
20240226;100436;3322;1;9696907142;B
20240226;100436;3322;1;9696907143;B
20240226;100436;3322;1;9696907144;B
20240226;100436;3322;2;9696907145;B
20240226;100436;3322.2;12;9696907146;B
20240226;100436;3322.2;3;9696907147;B
20240226;100436;3322.6;1;9696907148;B
20240226;100436;3322.6;60;9696907149;B
20240226;100436;3322.8;400;9696907150;B
20240226;100436;3323;20;9696907151;B
20240226;100436;3323;100;9696907152;B
20240226;100436;3323;1;9696907153;B
20240226;100436;3323;3;9696907154;B
20240226;100436;3323.2;10;9696907155;B
20240226;100436;3323.2;3;9696907156;B
20240226;100436;3323.2;3;9696907157;B
20240226;100436;3323.2;3;9696907158;B
20240226;100436;3323.4;378;9696907159;B
20240226;100436;3323.4;60;9696907160;B
20240226;100436;3323.4;10;9696907161;B
20240226;100436;3323.4;3;9696907162;B
20240226;100436;3323.4;3;9696907163;B
20240226;100436;3323.4;3;9696907164;B
20240226;100436;3323.4;3;9696907165;B
20240226;100436;3323.4;60;9696907166;B
20240226;100437;3320.4;3;9696907255;S
20240226;100437;3320.4;9;9696907270;S
20240226;100440;3319.8;1;9696908331;B
20240226;100444;3319.8;11;9696909635;B
20240226;100444;3320;4;9696909636;B
20240226;100446;3319;20;9696910325;B
20240226;100447;3319;25;9696910703;S
20240226;100447;3319.6;1;9696910765;B
20240226;100447;3319.6;2;9696910766;B
20240226;100447;3320;7;9696910767;B
20240226;100448;3318.8;1;9696910947;S
20240226;100449;3319.8;9;9696911107;B
20240226;100450;3317.8;1;9696911477;S
20240226;100450;3317.6;5;9696911478;S
20240226;100451;3319.8;1;9696911698;B
20240226;100451;3319;5;9696911881;S
20240226;100452;3319.8;2;9696912049;B
20240226;100452;3319.8;2;9696912079;B
20240226;100452;3320;18;9696912080;B
20240226;100453;3318.8;9;9696912371;S
20240226;100455;3319.6;10;9696912786;B
20240226;100455;3319.8;7;9696912787;B
20240226;100455;3319.8;81;9696912788;B
20240226;100455;3320;96;9696912789;B
20240226;100455;3320;384;9696912790;B
20240226;100455;3319.4;100;9696912803;S
20240226;100455;3320;30;9696912826;B
20240226;100459;3319.8;18;9696913811;B
20240226;100500;3319.8;2;9696914077;B
20240226;100500;3319.6;5;9696914193;S
20240226;100500;3319.6;2;9696914194;S
20240226;100500;3319.6;5;9696914207;S
20240226;100502;3319.8;1;9696914727;B
20240226;100503;3319.4;1;9696914969;S
20240226;100503;3319;19;9696914994;B
20240226;100503;3319.6;18;9696915277;B
20240226;100503;3319.8;4;9696915278;B
20240226;100503;3319.8;2;9696915279;B
20240226;100503;3319.8;91;9696915280;B
20240226;100503;3320;85;9696915281;B
