<DATE>;<TIME>;<LAST>;<VOL>;<ID>;<OPER>
20240122;095944;2573.000000000;6;9449717422;S
20240122;095944;2573.000000000;5;9449717423;S
20240122;095944;2573.000000000;2;9449717424;S
20240122;095944;2573.000000000;55;9449717425;S
20240122;095944;2573.000000000;1;9449717426;S
20240122;095944;2573.000000000;1;9449717427;B
20240122;095944;2573.000000000;2;9449717428;B
20240122;095944;2573.000000000;10;9449717429;B
20240122;095944;2573.000000000;28;9449717430;B
20240122;095944;2573.000000000;1;9449717431;S
20240122;095944;2573.000000000;8;9449717432;S
20240122;095944;2573.000000000;2;9449717433;S
20240122;095944;2573.000000000;20;9449717434;S
20240122;095944;2573.000000000;10;9449717435;S
20240122;095944;2573.000000000;1;9449717436;S
20240122;095944;2573.000000000;2;9449717437;S
20240122;095944;2573.000000000;2;9449717438;S
20240122;095944;2573.000000000;3;9449717439;S
20240122;095944;2573.000000000;2;9449717440;S
20240122;095944;2573.000000000;1;9449717441;S
20240122;095944;2573.000000000;3;9449717442;S
20240122;095944;2573.000000000;1;9449717443;S
20240122;095944;2573.000000000;20;9449717444;S
20240122;095944;2573.000000000;5;9449717445;S
20240122;095944;2573.000000000;49;9449717446;S
20240122;095944;2573.000000000;1;9449717447;S
20240122;095944;2573.000000000;15;9449717448;S
20240122;095944;2573.000000000;4;9449717449;B
20240122;095944;2573.000000000;5;9449717450;B
20240122;095944;2573.000000000;1;9449717451;B
20240122;095944;2573.000000000;111;9449717452;B
20240122;095944;2573.000000000;1;9449717453;B
20240122;095944;2573.000000000;1;9449717454;B
20240122;095944;2573.000000000;3;9449717455;B
20240122;095944;2573.000000000;7;9449717456;B
20240122;095944;2573.000000000;98;9449717457;S
20240122;095944;2573.000000000;3;9449717458;S
20240122;095944;2573.000000000;8;9449717459;S
20240122;095944;2573.000000000;47;9449717460;B
20240122;095944;2573.000000000;3;9449717461;B
20240122;095944;2573.000000000;2;9449717462;S
20240122;095944;2573.000000000;83;9449717463;B
20240122;095944;2573.000000000;100;9449717464;B
20240122;095944;2573.000000000;3;9449717465;B
20240122;095944;2573.000000000;1;9449717466;S
20240122;095944;2573.000000000;77;9449717467;B
20240122;095944;2573.000000000;3;9449717468;B
20240122;095944;2573.000000000;1;9449717469;B
20240122;095944;2573.000000000;5;9449717470;B
20240122;095944;2573.000000000;1;9449717471;B
20240122;095944;2573.000000000;2;9449717472;B
20240122;095944;2573.000000000;1;9449717473;B
20240122;095944;2573.000000000;1;9449717474;B
20240122;095944;2573.000000000;1;9449717475;B
20240122;095944;2573.000000000;1;9449717476;B
20240122;095944;2573.000000000;1;9449717477;B
20240122;095944;2573.000000000;1;9449717478;B
20240122;095944;2573.000000000;1;9449717479;B
20240122;095944;2573.000000000;2;9449717480;B
20240122;095944;2573.000000000;3;9449717481;B
20240122;095944;2573.000000000;1;9449717482;B
20240122;095944;2573.000000000;1;9449717483;B
20240122;095944;2573.000000000;10;9449717484;B
20240122;095944;2573.000000000;25;9449717485;B
20240122;095944;2573.000000000;1;9449717486;B
20240122;095944;2573.000000000;1;9449717487;B
20240122;095944;2573.000000000;2;9449717488;B
20240122;095944;2573.000000000;1;9449717489;B
20240122;095944;2573.000000000;10;9449717490;B
20240122;095944;2573.000000000;1;9449717491;B
20240122;095944;2573.000000000;3;9449717492;B
20240122;095944;2573.000000000;1;9449717493;B
20240122;095944;2573.000000000;6;9449717494;B
20240122;095944;2573.000000000;1;9449717495;B
20240122;095944;2573.000000000;89;9449717496;B
20240122;095944;2573.000000000;10;9449717497;B
20240122;095944;2573.000000000;1;9449717498;B
20240122;095944;2573.000000000;4;9449717499;B
20240122;095944;2573.000000000;1;9449717500;B
20240122;095944;2573.000000000;7;9449717501;B
20240122;095944;2573.000000000;4;9449717502;B
20240122;095944;2573.000000000;1;9449717503;B
20240122;095944;2573.000000000;1;9449717504;B
20240122;095944;2573.000000000;29;9449717505;B
20240122;095944;2573.000000000;21;9449717506;B
20240122;095944;2573.000000000;13;9449717507;B
20240122;095944;2573.000000000;1;9449717508;B
20240122;095944;2573.000000000;2;9449717509;B
20240122;095944;2573.000000000;50;9449717510;B
20240122;095944;2573.000000000;5;9449717511;B
20240122;095944;2573.000000000;50;9449717512;B
20240122;095944;2573.000000000;10;9449717513;B
20240122;095944;2573.000000000;2;9449717514;B
20240122;095944;2573.000000000;1;9449717515;B
20240122;095944;2573.000000000;1;9449717516;B
20240122;095944;2573.000000000;44;9449717517;S
20240122;095944;2573.000000000;4;9449717518;S
20240122;095944;2573.000000000;2;9449717519;S
20240122;095944;2573.000000000;15;9449717520;B
20240122;095944;2573.000000000;83;9449717521;B
20240122;095944;2573.000000000;8;9449717522;B
20240122;095944;2573.000000000;1;9449717523;B
20240122;095944;2573.000000000;3;9449717524;B
20240122;095944;2573.000000000;4;9449717525;B
20240122;095944;2573.000000000;10;9449717526;B
20240122;095944;2573.000000000;116;9449717527;B
20240122;095944;2573.000000000;1;9449717528;B
20240122;095944;2573.000000000;1;9449717529;B
20240122;095944;2573.000000000;2;9449717530;B
20240122;095944;2573.000000000;6;9449717531;B
20240122;095944;2573.000000000;1;9449717532;B
20240122;095944;2573.000000000;2;9449717533;B
20240122;095944;2573.000000000;1;9449717534;B
20240122;095944;2573.000000000;1;9449717535;S
20240122;095944;2573.000000000;5;9449717536;B
20240122;095944;2573.000000000;1;9449717537;B
20240122;100000;2572.800000000;50;9449722241;B
20240122;100000;2573.000000000;25;9449722377;B
20240122;100000;2574.800000000;1;9449722788;B
20240122;100001;2573.200000000;6;9449723560;S
20240122;100001;2573.200000000;7;9449723624;S
20240122;100001;2573.200000000;7;9449723662;S
20240122;100001;2572.800000000;3;9449723663;S
20240122;100001;2574.000000000;5;9449723669;B
20240122;100001;2573.800000000;10;9449723824;B
20240122;100001;2574.200000000;10;9449723825;B
20240122;100001;2572.600000000;5;9449724296;S
20240122;100002;2572.600000000;1;9449724713;S
20240122;100002;2574.000000000;16;9449725129;B
20240122;100002;2574.200000000;59;9449725130;B
20240122;100002;2574.400000000;100;9449725131;B
20240122;100002;2574.400000000;5;9449725132;B
20240122;100002;2574.800000000;5;9449725133;B
20240122;100002;2574.800000000;10;9449725134;B
20240122;100002;2574.800000000;100;9449725137;S
20240122;100002;2575.000000000;1;9449725453;B
20240122;100002;2575.000000000;15;9449725454;B
20240122;100002;2575.000000000;1;9449725455;B
20240122;100002;2575.000000000;25;9449725456;B
20240122;100002;2575.000000000;15;9449725457;B
20240122;100002;2575.000000000;43;9449725458;B
20240122;100003;2575.000000000;19;9449725872;B
20240122;100003;2575.000000000;38;9449725873;B
20240122;100003;2575.000000000;25;9449725881;B
20240122;100003;2575.000000000;11;9449726044;B
20240122;100003;2575.000000000;50;9449726304;B
20240122;100004;2574.800000000;4;9449727454;S
20240122;100004;2575.000000000;10;9449727456;B
20240122;100004;2574.800000000;16;9449727460;S
20240122;100004;2575.000000000;1;9449727464;B
20240122;100005;2575.000000000;1;9449728087;B
20240122;100005;2574.800000000;1;9449728089;S
20240122;100005;2574.800000000;2;9449728090;S
20240122;100005;2575.000000000;1;9449728314;B
20240122;100005;2574.800000000;1;9449728332;S
20240122;100005;2575.000000000;1;9449728361;B
20240122;100005;2575.000000000;4;9449729378;B
20240122;100005;2575.000000000;1;9449729384;B
20240122;100005;2575.000000000;2;9449729783;B
20240122;100005;2575.000000000;1;9449729792;B
20240122;100005;2575.000000000;2;9449729793;B
20240122;100005;2574.800000000;2;9449729802;S
20240122;100006;2575.000000000;1;9449730232;B
20240122;100006;2575.000000000;1;9449730326;B
20240122;100006;2575.000000000;1;9449731268;B
20240122;100006;2575.000000000;13;9449731452;B
20240122;100006;2575.000000000;1;9449731464;B
20240122;100006;2575.000000000;1;9449731469;B
20240122;100006;2575.000000000;1;9449731474;B
20240122;100006;2574.800000000;1;9449731484;S
20240122;100006;2575.000000000;3;9449731498;B
20240122;100006;2574.800000000;1;9449731509;S
20240122;100006;2574.800000000;4;9449731514;S
20240122;100006;2575.000000000;5;9449731668;B
20240122;100006;2575.000000000;1;9449731915;B
20240122;100006;2574.800000000;2;9449731922;S
20240122;100006;2575.000000000;2;9449731926;B
20240122;100006;2574.800000000;1;9449731933;S
20240122;100006;2575.000000000;1;9449732271;B
20240122;100006;2574.800000000;1;9449732276;S
20240122;100006;2575.000000000;1;9449732278;B
20240122;100006;2574.800000000;1;9449732284;S
20240122;100006;2575.000000000;3;9449732596;B
20240122;100006;2575.000000000;1;9449732601;B
20240122;100006;2575.000000000;5;9449733075;B
20240122;100007;2574.800000000;6;9449733630;S
20240122;100007;2574.800000000;4;9449733723;S
20240122;100007;2575.000000000;1;9449733736;B
20240122;100007;2574.800000000;1;9449733743;S
20240122;100007;2575.000000000;1;9449733767;B
20240122;100007;2574.800000000;1;9449733778;S
20240122;100007;2574.800000000;10;9449733866;S
20240122;100007;2575.000000000;5;9449733868;B
20240122;100007;2575.000000000;1;9449733870;B
20240122;100007;2575.000000000;2;9449733881;B
20240122;100007;2575.000000000;1;9449733883;B
20240122;100007;2575.000000000;1;9449733884;B
20240122;100007;2575.000000000;7;9449734013;B
20240122;100007;2575.200000000;4;9449734014;B
20240122;100007;2574.800000000;1;9449734015;S
20240122;100007;2574.800000000;35;9449734325;S
20240122;100007;2574.800000000;2;9449735209;S
20240122;100008;2575.200000000;1;9449735632;B
20240122;100008;2574.800000000;3;9449735719;S
20240122;100008;2574.800000000;2;9449735722;S
20240122;100008;2574.800000000;1;9449736028;S
20240122;100008;2574.800000000;1;9449736030;S
20240122;100008;2574.800000000;1;9449736031;S
20240122;100008;2574.800000000;1;9449736032;S
20240122;100008;2574.200000000;1;9449736033;S
20240122;100008;2575.200000000;1;9449736034;B
20240122;100008;2574.000000000;18;9449736035;S
20240122;100008;2573.800000000;7;9449736036;S
20240122;100008;2573.000000000;15;9449736037;S
20240122;100008;2573.000000000;2;9449736038;S
20240122;100008;2573.200000000;1;9449736040;S
20240122;100008;2574.400000000;1;9449736578;B
20240122;100008;2574.400000000;1;9449736579;B
20240122;100009;2574.400000000;1;9449737312;B
20240122;100009;2572.600000000;18;9449737313;S
20240122;100009;2572.600000000;1;9449737314;S
20240122;100009;2572.600000000;1;9449737315;S
20240122;100009;2572.600000000;7;9449737316;S
20240122;100010;2572.600000000;18;9449737691;S
20240122;100010;2572.400000000;20;9449737692;S
20240122;100010;2572.400000000;1;9449737737;S
20240122;100010;2574.200000000;5;9449737861;B
20240122;100010;2574.400000000;11;9449737862;B
20240122;100010;2574.400000000;5;9449737863;B
20240122;100010;2574.400000000;6;9449737864;B
20240122;100010;2574.600000000;5;9449737865;B
20240122;100010;2574.800000000;13;9449737866;B
20240122;100010;2575.000000000;10;9449737867;B
20240122;100010;2574.200000000;4;9449737954;B
20240122;100010;2572.800000000;1;9449738016;S
20240122;100010;2574.200000000;3;9449738068;B
20240122;100010;2574.200000000;8;9449738125;B
20240122;100010;2574.200000000;8;9449738133;B
20240122;100012;2573.000000000;2;9449738914;S
20240122;100014;2573.000000000;3;9449739360;S
20240122;100014;2572.800000000;5;9449739361;S
20240122;100014;2572.800000000;2;9449739362;S
20240122;100014;2572.800000000;2;9449739369;S
20240122;100014;2572.600000000;45;9449739373;S
20240122;100014;2572.600000000;2;9449739379;S
20240122;100016;2573.000000000;1;9449739772;B
20240122;100016;2574.000000000;5;9449739773;B
20240122;100016;2574.200000000;5;9449739774;B
20240122;100016;2574.400000000;4;9449739775;B
20240122;100016;2572.600000000;2;9449739778;S
20240122;100018;2574.200000000;5;9449740207;B
20240122;100018;2574.400000000;15;9449740208;B
20240122;100020;2572.800000000;5;9449740667;S
20240122;100020;2572.800000000;6;9449740668;S
20240122;100020;2572.800000000;5;9449740669;S
20240122;100020;2572.800000000;50;9449740670;S
20240122;100020;2572.800000000;34;9449740671;S
20240122;100021;2573.000000000;1;9449740797;B
20240122;100021;2574.600000000;2;9449740798;B
20240122;100021;2573.000000000;80;9449740967;S
20240122;100021;2572.800000000;50;9449740968;S
20240122;100021;2572.600000000;5;9449740969;S
20240122;100021;2572.600000000;6;9449740970;S
20240122;100021;2572.600000000;59;9449740971;S
20240122;100022;2571.600000000;50;9449741241;S
20240122;100022;2572.800000000;1;9449741248;B
20240122;100023;2572.800000000;1;9449741387;B
20240122;100023;2572.200000000;1;9449741549;B
20240122;100023;2574.000000000;1;9449741552;B
20240122;100023;2573.000000000;25;9449741561;S
20240122;100024;2573.000000000;1;9449741755;S
20240122;100025;2573.800000000;2;9449742085;B
20240122;100025;2573.000000000;4;9449742119;S
20240122;100028;2573.800000000;3;9449742704;B
20240122;100028;2573.800000000;8;9449742705;B
20240122;100030;2573.000000000;5;9449743452;S
20240122;100030;2573.800000000;1;9449743476;B
20240122;100031;2573.000000000;2;9449743673;S
20240122;100034;2573.800000000;1;9449744279;B
20240122;100034;2573.200000000;1;9449744375;S
20240122;100034;2573.000000000;14;9449744376;S
20240122;100036;2573.000000000;1;9449745107;S
20240122;100036;2573.000000000;43;9449745109;S
20240122;100036;2573.000000000;5;9449745110;S
20240122;100038;2572.800000000;40;9449745653;B
20240122;100039;2572.800000000;2;9449745916;B
20240122;100039;2572.800000000;2;9449746091;B
20240122;100039;2573.000000000;3;9449746124;B
20240122;100041;2573.000000000;7;9449746581;B
20240122;100041;2573.000000000;1;9449746582;B
20240122;100042;2573.600000000;4;9449746670;B
20240122;100042;2573.000000000;92;9449746754;S
20240122;100045;2573.000000000;9;9449747344;B
20240122;100045;2573.000000000;2;9449747530;B
20240122;100047;2573.000000000;1;9449747963;B
20240122;100047;2573.000000000;3;9449748017;B
20240122;100047;2573.000000000;2;9449748033;B
20240122;100047;2573.000000000;2;9449748062;B
20240122;100047;2572.200000000;1;9449748078;S
20240122;100047;2573.000000000;1;9449748171;B
20240122;100048;2573.000000000;2;9449748189;B
20240122;100048;2573.000000000;4;9449748206;B
20240122;100048;2573.000000000;5;9449748228;B
20240122;100048;2573.000000000;4;9449748527;B
20240122;100048;2573.000000000;2;9449748542;B
20240122;100048;2572.200000000;3;9449748582;S
20240122;100049;2572.200000000;8;9449748720;S
20240122;100049;2572.200000000;2;9449748721;S
20240122;100049;2572.200000000;3;9449748836;S
20240122;100049;2572.000000000;42;9449748837;S
20240122;100049;2572.000000000;1;9449748972;S
20240122;100050;2573.000000000;1;9449749082;B
20240122;100050;2573.000000000;3;9449749085;B
20240122;100053;2572.800000000;4;9449749770;B
20240122;100053;2572.800000000;10;9449749778;B
20240122;100054;2572.800000000;9;9449749964;B
20240122;100054;2572.000000000;1;9449749972;S
20240122;100055;2572.000000000;1;9449750241;B
20240122;100057;2571.400000000;1;9449750753;S
20240122;100059;2571.400000000;2;9449751175;S
20240122;100100;2571.400000000;12;9449751476;S
20240122;100100;2571.400000000;10;9449751564;S
20240122;100100;2572.000000000;1;9449751700;B
20240122;100102;2571.400000000;25;9449752038;S
20240122;100102;2571.200000000;10;9449752039;S
20240122;100102;2571.200000000;65;9449752040;S
20240122;100104;2571.400000000;10;9449752258;S
20240122;100104;2572.000000000;17;9449752390;B
20240122;100104;2572.600000000;5;9449752391;B
20240122;100104;2572.800000000;23;9449752392;B
20240122;100104;2572.600000000;2;9449752419;B
20240122;100105;2571.400000000;3;9449752633;S
20240122;100106;2571.200000000;1;9449752862;S
20240122;100106;2572.000000000;1;9449752974;B
20240122;100110;2571.200000000;13;9449753665;S
20240122;100110;2571.200000000;1;9449753691;S
20240122;100114;2571.200000000;1;9449754252;S
20240122;100114;2572.000000000;1;9449754267;B
20240122;100115;2572.000000000;12;9449754419;B
20240122;100117;2572.000000000;11;9449754781;B
20240122;100117;2572.000000000;6;9449754782;B
20240122;100117;2572.000000000;10;9449754783;B
20240122;100117;2572.000000000;2;9449754784;B
20240122;100117;2572.000000000;50;9449754785;B
20240122;100117;2572.000000000;99;9449754822;S
20240122;100117;2571.800000000;1;9449754855;B
20240122;100121;2571.400000000;3;9449755476;S
20240122;100122;2571.400000000;1;9449755656;S
20240122;100123;2572.000000000;1;9449755814;B
20240122;100126;2571.400000000;4;9449756336;S
20240122;100126;2571.400000000;6;9449756383;S
20240122;100128;2571.400000000;20;9449756736;S
20240122;100128;2571.400000000;1;9449756737;S
20240122;100128;2571.200000000;9;9449756738;S
20240122;100128;2571.400000000;2;9449756856;S
20240122;100128;2571.200000000;10;9449756857;S
20240122;100128;2571.200000000;8;9449756858;S
20240122;100128;2571.200000000;1;9449756859;S
20240122;100128;2571.200000000;5;9449756860;S
20240122;100128;2571.200000000;50;9449756861;S
20240122;100128;2571.000000000;24;9449756862;S
20240122;100129;2572.000000000;1;9449756914;B
20240122;100133;2571.000000000;26;9449757801;S
20240122;100133;2571.000000000;1;9449757802;S
20240122;100133;2571.000000000;3;9449757803;S
20240122;100134;2571.000000000;3;9449757928;S
20240122;100136;2571.800000000;4;9449758212;B
20240122;100139;2571.800000000;3;9449758626;B
20240122;100139;2571.000000000;1;9449758642;S
20240122;100140;2571.200000000;42;9449758925;S
20240122;100140;2571.000000000;43;9449758926;S
20240122;100140;2571.000000000;15;9449758927;S
20240122;100145;2571.000000000;5;9449759990;S
20240122;100146;2571.200000000;1;9449760205;B
20240122;100150;2571.000000000;5;9449760922;S
20240122;100150;2571.200000000;2;9449760969;B
20240122;100151;2571.200000000;3;9449760991;B
20240122;100153;2571.200000000;3;9449761388;B
20240122;100153;2571.200000000;7;9449761428;B
20240122;100153;2571.800000000;52;9449761429;B
20240122;100153;2571.800000000;29;9449761430;B
20240122;100155;2572.000000000;3;9449761839;B
20240122;100155;2572.000000000;20;9449761840;B
20240122;100155;2572.000000000;30;9449761841;B
20240122;100155;2572.000000000;5;9449761842;B
20240122;100155;2572.000000000;22;9449761843;B
20240122;100159;2572.000000000;5;9449762521;B
20240122;100200;2571.800000000;1;9449762715;S
20240122;100202;2571.800000000;411;9449763187;S
20240122;100202;2571.200000000;1;9449763188;S
20240122;100202;2571.000000000;30;9449763189;S
20240122;100202;2571.000000000;50;9449763190;S
20240122;100207;2571.000000000;5;9449764192;B
20240122;100210;2570.800000000;1;9449764767;S
20240122;100210;2570.800000000;4;9449764768;S
20240122;100211;2570.800000000;6;9449764863;S
20240122;100211;2570.400000000;50;9449764864;S
20240122;100211;2570.400000000;1;9449764865;S
20240122;100211;2570.400000000;5;9449764866;S
20240122;100211;2570.200000000;5;9449764867;S
20240122;100213;2570.600000000;1;9449765200;B
20240122;100213;2570.600000000;6;9449765201;B
20240122;100213;2570.200000000;5;9449765262;S
20240122;100217;2570.200000000;3;9449766027;S
20240122;100222;2570.200000000;7;9449767146;S
20240122;100222;2570.200000000;2;9449767147;S
20240122;100222;2570.200000000;1;9449767148;S
20240122;100222;2570.200000000;3;9449767149;S
20240122;100222;2570.200000000;1;9449767150;S
20240122;100222;2570.200000000;1;9449767151;S
20240122;100222;2570.200000000;1;9449767152;S
20240122;100222;2570.200000000;50;9449767153;S
20240122;100222;2570.000000000;200;9449767154;S
20240122;100222;2570.000000000;3;9449767155;S
20240122;100222;2570.000000000;1;9449767156;S
20240122;100222;2570.000000000;29;9449767157;S
20240122;100222;2570.000000000;1;9449767158;S
20240122;100222;2570.000000000;8;9449767159;S
20240122;100222;2570.000000000;91;9449767160;S
20240122;100222;2570.000000000;10;9449767167;S
20240122;100223;2570.800000000;25;9449767361;B
20240122;100225;2570.800000000;20;9449767625;B
20240122;100227;2570.600000000;1;9449767930;B
20240122;100228;2570.600000000;58;9449768088;B
20240122;100228;2570.600000000;40;9449768089;B
20240122;100228;2570.800000000;2;9449768090;B
20240122;100237;2570.200000000;2;9449770731;B
20240122;100244;2570.000000000;1;9449772321;S
20240122;100244;2570.200000000;1;9449772432;B
20240122;100247;2570.200000000;1;9449772958;B
20240122;100247;2570.200000000;8;9449773141;B
20240122;100249;2570.000000000;2;9449773317;S
20240122;100250;2570.200000000;2;9449773557;B
20240122;100251;2570.000000000;5;9449773723;S
20240122;100253;2570.200000000;2;9449774095;B
20240122;100253;2570.200000000;19;9449774227;B
20240122;100255;2570.000000000;50;9449774494;S
20240122;100259;2570.000000000;1;9449775188;S
20240122;100301;2570.000000000;13;9449775603;S
20240122;100302;2570.000000000;140;9449775696;S
20240122;100304;2570.200000000;2;9449776308;B
20240122;100305;2570.000000000;20;9449776481;S
20240122;100306;2570.200000000;6;9449776538;B
20240122;100309;2570.000000000;20;9449776985;S
20240122;100309;2570.200000000;1;9449777135;B
20240122;100317;2570.000000000;1;9449778606;S
20240122;100318;2570.000000000;46;9449778704;S
20240122;100318;2570.000000000;1;9449778705;S
20240122;100318;2570.000000000;2;9449778706;S
20240122;100318;2570.000000000;1;9449778707;S
20240122;100319;2570.000000000;2;9449778833;S
20240122;100319;2570.000000000;6;9449778834;S
20240122;100320;2570.000000000;8;9449779111;S
20240122;100325;2570.000000000;1;9449779731;S
20240122;100325;2570.200000000;1;9449779757;B
20240122;100325;2570.000000000;20;9449779758;S
20240122;100330;2570.000000000;8;9449780600;S
20240122;100331;2570.000000000;6;9449780769;S
20240122;100331;2570.000000000;40;9449780830;S
20240122;100333;2570.000000000;311;9449781245;S
20240122;100333;2570.000000000;1;9449781246;S
20240122;100333;2570.000000000;2;9449781247;S
20240122;100333;2570.000000000;10;9449781248;S
20240122;100333;2570.000000000;2;9449781249;S
20240122;100333;2570.000000000;1000;9449781250;S
20240122;100333;2570.000000000;500;9449781251;S
20240122;100333;2570.000000000;20;9449781252;S
20240122;100333;2570.000000000;472;9449781253;S
20240122;100335;2570.000000000;28;9449781537;S
20240122;100335;2570.000000000;472;9449781538;S
20240122;100335;2570.000000000;28;9449781595;S
20240122;100335;2570.000000000;3;9449781596;S
20240122;100335;2570.000000000;118;9449781597;S
20240122;100335;2570.000000000;231;9449781598;S
20240122;100335;2570.000000000;87;9449781599;S
20240122;100336;2570.000000000;1;9449781706;S
20240122;100336;2570.000000000;500;9449781722;S
20240122;100336;2570.000000000;163;9449781723;S
20240122;100336;2570.000000000;5;9449781724;S
20240122;100336;2570.000000000;3;9449781725;S
20240122;100336;2570.000000000;48;9449781726;S
20240122;100336;2570.000000000;1;9449781727;S
20240122;100336;2570.000000000;3;9449781728;S
20240122;100336;2570.000000000;13;9449781729;S
20240122;100336;2570.000000000;3;9449781730;S
20240122;100336;2570.000000000;1;9449781731;S
20240122;100336;2570.000000000;50;9449781732;S
20240122;100336;2570.000000000;30;9449781733;S
20240122;100336;2570.000000000;5;9449781734;S
20240122;100336;2570.000000000;1;9449781735;S
20240122;100336;2570.000000000;14;9449781739;S
20240122;100337;2570.000000000;50;9449781887;S
20240122;100337;2570.200000000;2;9449781950;B
20240122;100337;2570.000000000;1;9449782042;S
20240122;100338;2570.200000000;2;9449782393;B
20240122;100341;2570.200000000;2;9449782932;B
20240122;100341;2570.000000000;1;9449782996;S
20240122;100342;2570.000000000;2;9449783208;S
20240122;100343;2570.000000000;31;9449783290;S
20240122;100343;2570.000000000;100;9449783291;S
20240122;100343;2570.000000000;48;9449783292;S
20240122;100343;2569.800000000;1;9449783293;S
20240122;100343;2569.800000000;1;9449783294;S
20240122;100343;2569.800000000;6;9449783295;S
20240122;100343;2569.800000000;1;9449783296;S
20240122;100343;2569.800000000;6;9449783297;S
20240122;100343;2569.800000000;1;9449783298;S
20240122;100343;2569.800000000;20;9449783299;S
20240122;100343;2569.800000000;10;9449783300;S
20240122;100343;2569.800000000;1;9449783301;S
20240122;100343;2569.800000000;3;9449783302;S
20240122;100343;2569.800000000;1;9449783303;S
20240122;100343;2569.800000000;1;9449783304;S
20240122;100343;2569.800000000;1;9449783305;S
20240122;100343;2569.800000000;218;9449783306;S
20240122;100343;2570.000000000;48;9449783307;B
20240122;100343;2569.800000000;482;9449783308;S
20240122;100343;2569.800000000;2;9449783309;S
20240122;100343;2569.800000000;11;9449783310;S
20240122;100343;2569.800000000;5;9449783311;S
20240122;100343;2569.800000000;1;9449783312;S
20240122;100343;2569.800000000;1;9449783313;S
20240122;100343;2569.800000000;5;9449783314;S
20240122;100343;2569.800000000;1;9449783315;S
20240122;100343;2569.800000000;1;9449783316;S
20240122;100343;2569.800000000;4;9449783317;S
20240122;100343;2569.800000000;1;9449783318;S
20240122;100343;2569.800000000;20;9449783319;S
20240122;100343;2569.800000000;55;9449783320;S
20240122;100343;2569.800000000;1;9449783321;S
20240122;100343;2569.800000000;10;9449783322;S
20240122;100343;2569.800000000;1;9449783323;S
20240122;100343;2569.800000000;1;9449783324;S
20240122;100343;2569.800000000;2;9449783325;S
20240122;100343;2569.800000000;84;9449783326;S
20240122;100343;2569.800000000;198;9449783327;S
20240122;100343;2569.800000000;100;9449783328;S
20240122;100343;2569.800000000;48;9449783329;S
20240122;100343;2569.600000000;1;9449783330;S
20240122;100343;2569.600000000;10;9449783331;S
20240122;100343;2569.600000000;1;9449783332;S
20240122;100343;2569.600000000;8;9449783333;S
20240122;100343;2569.600000000;2;9449783334;S
20240122;100343;2569.600000000;2;9449783335;S
20240122;100343;2569.600000000;19;9449783336;S
20240122;100343;2569.600000000;2;9449783337;S
20240122;100343;2569.600000000;12;9449783338;S
20240122;100343;2569.600000000;1;9449783339;S
20240122;100343;2569.200000000;2;9449783370;S
20240122;100343;2569.200000000;2;9449783376;S
20240122;100343;2569.200000000;1;9449783377;S
20240122;100343;2569.000000000;1;9449783395;S
20240122;100343;2569.000000000;1;9449783396;S
20240122;100343;2569.000000000;1;9449783397;S
20240122;100344;2569.000000000;99;9449783484;S
20240122;100344;2569.000000000;10;9449783485;S
20240122;100344;2569.000000000;156;9449783486;S
20240122;100344;2569.000000000;43;9449783509;S
20240122;100344;2569.000000000;2;9449783510;S
20240122;100344;2569.000000000;1;9449783511;S
20240122;100344;2569.000000000;19;9449783512;S
20240122;100344;2569.000000000;6;9449783595;S
20240122;100344;2569.000000000;100;9449783596;S
20240122;100344;2569.000000000;3;9449783597;S
20240122;100345;2568.400000000;20;9449783683;B
20240122;100345;2568.400000000;6;9449783684;B
20240122;100345;2568.000000000;1;9449783714;S
20240122;100345;2568.200000000;44;9449783720;S
20240122;100345;2568.000000000;100;9449783721;S
20240122;100345;2568.000000000;56;9449783722;S
20240122;100345;2568.800000000;24;9449783744;B
20240122;100346;2568.200000000;1;9449783802;S
20240122;100346;2568.000000000;4;9449783803;S
20240122;100346;2568.800000000;1;9449783834;B
20240122;100346;2568.000000000;50;9449783847;S
20240122;100346;2568.000000000;10;9449783853;S
20240122;100347;2568.000000000;5;9449783974;S
20240122;100347;2568.000000000;150;9449783989;S
20240122;100347;2568.000000000;5;9449784094;S
20240122;100348;2568.000000000;10;9449784165;S
20240122;100348;2568.000000000;20;9449784170;S
20240122;100348;2568.000000000;290;9449784218;S
20240122;100348;2568.000000000;110;9449784219;S
20240122;100348;2568.000000000;5;9449784221;S
20240122;100349;2568.000000000;5;9449784324;S
20240122;100349;2568.000000000;5;9449784447;S
20240122;100350;2568.000000000;5;9449784476;S
20240122;100350;2568.000000000;5;9449784503;S
20240122;100351;2568.200000000;1;9449784658;B
20240122;100351;2568.000000000;365;9449784659;S
20240122;100351;2568.000000000;3;9449784660;S
20240122;100351;2568.000000000;2;9449784661;S
20240122;100351;2567.000000000;2;9449784676;S
20240122;100356;2567.000000000;15;9449785665;S
20240122;100356;2567.000000000;73;9449785684;S
20240122;100356;2567.000000000;55;9449785685;S
20240122;100356;2567.000000000;7;9449785686;S
20240122;100356;2567.000000000;25;9449785687;S
20240122;100356;2567.000000000;48;9449785688;S
20240122;100356;2566.800000000;8;9449785689;S
20240122;100356;2566.600000000;64;9449785690;S
20240122;100356;2567.000000000;1;9449785727;B
20240122;100356;2566.600000000;16;9449785762;S
20240122;100356;2566.400000000;4;9449785763;S
20240122;100358;2567.400000000;1;9449786095;S
20240122;100358;2567.800000000;16;9449786141;B
20240122;100359;2568.000000000;1;9449786392;B
20240122;100359;2568.200000000;1;9449786393;B
20240122;100359;2568.400000000;1;9449786394;B
20240122;100359;2568.800000000;11;9449786395;B
20240122;100400;2569.000000000;1;9449786558;B
20240122;100400;2568.000000000;26;9449786709;S
20240122;100400;2568.600000000;1;9449786740;B
20240122;100401;2568.800000000;13;9449786958;S
20240122;100401;2568.600000000;7;9449786959;S
20240122;100402;2569.200000000;4;9449787136;S
20240122;100402;2569.000000000;23;9449787137;S
20240122;100402;2568.800000000;7;9449787138;S
20240122;100403;2567.400000000;3;9449787380;S
20240122;100403;2567.400000000;1;9449787451;S
20240122;100403;2567.200000000;59;9449787452;S
20240122;100403;2567.200000000;37;9449787453;S
20240122;100403;2568.000000000;1;9449787480;B
20240122;100406;2567.200000000;1;9449787938;S
20240122;100406;2568.000000000;20;9449788016;B
20240122;100406;2568.000000000;5;9449788087;B
20240122;100407;2567.600000000;3;9449788378;S
20240122;100407;2567.400000000;2;9449788379;S
20240122;100407;2568.000000000;1;9449788400;B
20240122;100410;2567.400000000;2;9449788925;S
20240122;100410;2567.200000000;59;9449788926;S
20240122;100410;2567.000000000;48;9449788927;S
20240122;100410;2567.000000000;60;9449788928;S
20240122;100410;2567.000000000;7;9449788929;S
20240122;100410;2567.000000000;40;9449788930;S
20240122;100410;2566.400000000;5;9449788931;S
20240122;100410;2566.200000000;100;9449788932;S
20240122;100410;2566.000000000;1;9449788933;S
20240122;100410;2566.000000000;30;9449788934;S
20240122;100410;2565.600000000;93;9449788935;S
20240122;100410;2566.400000000;4;9449789062;S
20240122;100410;2566.400000000;1;9449789063;S
20240122;100410;2566.400000000;11;9449789064;S
20240122;100410;2566.400000000;29;9449789076;S
20240122;100410;2566.200000000;48;9449789077;S
20240122;100410;2566.000000000;7;9449789078;S
20240122;100410;2565.600000000;6;9449789079;S
20240122;100410;2565.200000000;59;9449789080;S
20240122;100410;2565.200000000;24;9449789081;S
20240122;100410;2565.000000000;1;9449789082;S
20240122;100410;2565.000000000;1;9449789083;S
20240122;100410;2565.000000000;80;9449789084;S
20240122;100410;2564.800000000;10;9449789085;S
20240122;100410;2564.600000000;100;9449789086;S
20240122;100410;2564.600000000;1;9449789087;S
20240122;100410;2564.000000000;50;9449789088;S
20240122;100410;2564.000000000;284;9449789089;S
20240122;100410;2564.800000000;13;9449789116;S
20240122;100411;2565.200000000;48;9449789215;S
20240122;100411;2565.200000000;40;9449789218;S
20240122;100411;2565.200000000;10;9449789219;S
20240122;100411;2565.200000000;38;9449789228;S
20240122;100411;2565.000000000;7;9449789229;S
20240122;100411;2564.200000000;2;9449789230;S
20240122;100411;2564.000000000;59;9449789231;S
20240122;100411;2563.800000000;5;9449789232;S
20240122;100411;2563.800000000;16;9449789233;S
20240122;100411;2565.200000000;1;9449789302;S
20240122;100412;2565.400000000;2;9449789383;S
20240122;100412;2565.400000000;40;9449789384;S
20240122;100412;2565.000000000;7;9449789385;S
20240122;100412;2565.000000000;48;9449789386;S
20240122;100412;2564.600000000;33;9449789387;S
20240122;100414;2565.600000000;1;9449789920;S
20240122;100414;2565.600000000;11;9449789921;S
20240122;100417;2565.600000000;1;9449790500;S
20240122;100417;2565.600000000;3;9449790501;S
20240122;100419;2565.600000000;1;9449790913;S
20240122;100419;2565.600000000;5;9449790914;S
20240122;100425;2565.600000000;1;9449791994;S
20240122;100426;2565.400000000;2;9449792180;B
20240122;100432;2565.200000000;1;9449793280;S
20240122;100432;2565.600000000;5;9449793336;B
20240122;100434;2565.400000000;30;9449793682;B
20240122;100435;2565.400000000;29;9449793828;B
20240122;100435;2565.400000000;2;9449793829;B
20240122;100435;2565.600000000;4;9449793830;B
20240122;100435;2565.600000000;22;9449793831;B
20240122;100435;2565.600000000;13;9449793832;B
20240122;100435;2565.600000000;40;9449793833;B
20240122;100435;2565.200000000;3;9449793857;S
20240122;100435;2565.200000000;47;9449793997;S
20240122;100435;2565.200000000;7;9449793998;S
20240122;100435;2565.200000000;40;9449793999;S
20240122;100435;2565.000000000;100;9449794000;S
20240122;100435;2565.000000000;1;9449794001;S
20240122;100435;2565.000000000;48;9449794002;S
20240122;100435;2564.600000000;5;9449794003;S
20240122;100435;2564.200000000;20;9449794004;S
20240122;100435;2564.000000000;100;9449794005;S
20240122;100435;2564.000000000;5;9449794006;S
20240122;100435;2563.800000000;26;9449794007;S
20240122;100436;2565.600000000;5;9449794137;B
20240122;100444;2565.000000000;100;9449795916;B
20240122;100445;2565.000000000;2;9449796087;B
20240122;100445;2565.000000000;3;9449796088;B
20240122;100448;2564.800000000;1;9449796687;S
20240122;100450;2564.800000000;1;9449796957;B
20240122;100452;2564.400000000;25;9449797326;S
20240122;100453;2564.400000000;23;9449797490;S
20240122;100453;2564.200000000;5;9449797561;S
20240122;100453;2564.200000000;5;9449797562;S
20240122;100453;2564.400000000;1;9449797565;B
20240122;100454;2564.400000000;2;9449797676;B
20240122;100455;2564.000000000;5;9449797858;S
20240122;100458;2563.800000000;113;9449798641;S
20240122;100459;2563.800000000;3;9449798690;S
20240122;100459;2564.000000000;2;9449798797;B
20240122;100459;2563.800000000;39;9449798819;S
20240122;100500;2563.800000000;16;9449798901;S
20240122;100500;2563.800000000;1;9449798902;S
20240122;100500;2563.600000000;1;9449798905;S
20240122;100500;2563.600000000;2;9449798906;S
20240122;100501;2563.000000000;1;9449799291;S
20240122;100501;2562.800000000;2;9449799292;S
20240122;100501;2562.800000000;3;9449799293;S
20240122;100501;2562.800000000;40;9449799294;S
20240122;100501;2562.600000000;5;9449799295;S
20240122;100501;2562.600000000;7;9449799296;S
20240122;100501;2562.000000000;1;9449799297;S
20240122;100501;2562.000000000;2;9449799298;S
20240122;100501;2562.000000000;10;9449799299;S
20240122;100501;2562.000000000;1;9449799300;S
20240122;100501;2561.800000000;5;9449799301;S
20240122;100501;2561.600000000;1;9449799302;S
20240122;100501;2561.600000000;5;9449799303;S
20240122;100501;2561.400000000;1;9449799304;S
20240122;100501;2561.400000000;3;9449799305;S
20240122;100501;2561.200000000;20;9449799306;S
20240122;100501;2561.200000000;1;9449799307;S
20240122;100501;2561.000000000;5;9449799308;S
20240122;100501;2560.800000000;1;9449799309;S
20240122;100501;2560.600000000;20;9449799310;S
20240122;100501;2560.600000000;2;9449799311;S
20240122;100501;2560.600000000;2;9449799312;S
20240122;100501;2560.600000000;74;9449799313;S
20240122;100502;2562.000000000;16;9449799455;S
20240122;100502;2561.800000000;1;9449799463;S
20240122;100502;2561.800000000;30;9449799464;S
20240122;100502;2561.600000000;7;9449799465;S
20240122;100502;2560.800000000;100;9449799466;S
20240122;100502;2560.800000000;5;9449799467;S
20240122;100502;2560.600000000;74;9449799468;S
20240122;100502;2560.600000000;52;9449799537;S
20240122;100502;2560.600000000;1;9449799538;S
20240122;100502;2560.600000000;2;9449799539;B
20240122;100502;2560.600000000;2;9449799540;B
20240122;100502;2560.600000000;2;9449799541;B
20240122;100502;2560.600000000;2;9449799542;B
20240122;100502;2560.600000000;2;9449799543;B
20240122;100502;2560.600000000;2;9449799544;B
20240122;100502;2560.600000000;38;9449799545;B
20240122;100503;2560.400000000;1000;9449799616;S
20240122;100503;2560.400000000;7;9449799617;S
20240122;100503;2560.000000000;10;9449799618;S
20240122;100503;2560.000000000;1;9449799619;S
20240122;100503;2560.000000000;20;9449799620;S
20240122;100503;2560.000000000;1;9449799621;S
20240122;100503;2560.000000000;1;9449799622;S
20240122;100503;2560.000000000;5;9449799623;S
20240122;100503;2560.000000000;30;9449799624;S
20240122;100503;2560.000000000;5;9449799625;S
20240122;100503;2560.000000000;45;9449799626;S
20240122;100503;2560.000000000;10;9449799627;S
20240122;100503;2560.000000000;10;9449799628;S
20240122;100503;2560.000000000;1;9449799629;S
20240122;100503;2560.000000000;1;9449799630;S
20240122;100503;2560.000000000;1;9449799631;S
20240122;100503;2560.000000000;12;9449799632;S
20240122;100503;2560.000000000;3;9449799636;S
20240122;100503;2560.000000000;1;9449799637;S
20240122;100503;2560.000000000;64;9449799638;S
20240122;100503;2560.000000000;1;9449799678;S
20240122;100503;2560.000000000;80;9449799749;S
20240122;100503;2560.200000000;12;9449799828;B
20240122;100504;2560.000000000;50;9449799985;S
20240122;100504;2560.000000000;2;9449799986;S
20240122;100504;2560.000000000;5;9449799987;S
20240122;100504;2560.000000000;9;9449799988;S
20240122;100504;2559.800000000;8;9449799989;S
20240122;100504;2558.600000000;1;9449799990;S
20240122;100504;2558.200000000;10;9449799991;S
20240122;100504;2558.200000000;10;9449799992;S
20240122;100504;2558.200000000;10;9449799993;S
20240122;100504;2558.400000000;2;9449800063;S
20240122;100504;2558.200000000;10;9449800064;S
20240122;100504;2558.200000000;10;9449800065;S
20240122;100504;2558.200000000;16;9449800066;S
20240122;100504;2558.200000000;10;9449800067;S
20240122;100504;2558.200000000;14;9449800068;S
20240122;100505;2559.800000000;1;9449800185;B
20240122;100506;2559.800000000;1;9449800380;B
20240122;100506;2558.400000000;1;9449800435;S
20240122;100507;2558.800000000;4;9449800568;S
20240122;100507;2558.600000000;7;9449800569;S
20240122;100507;2558.400000000;9;9449800570;S
20240122;100509;2558.800000000;1;9449801043;S
20240122;100509;2558.600000000;1;9449801044;S
20240122;100509;2558.600000000;7;9449801045;S
20240122;100509;2558.400000000;50;9449801046;S
20240122;100509;2558.400000000;24;9449801047;S
20240122;100509;2558.400000000;17;9449801048;S
20240122;100509;2558.600000000;1;9449801063;S
20240122;100510;2559.000000000;1;9449801356;B
20240122;100510;2558.800000000;50;9449801357;B
20240122;100510;2560.000000000;1;9449801545;B
20240122;100510;2560.000000000;30;9449801546;B
20240122;100510;2560.400000000;35;9449801547;B
20240122;100515;2563.000000000;3;9449802558;B
20240122;100521;2563.400000000;1;9449803843;S
20240122;100521;2563.200000000;25;9449803844;S
20240122;100521;2563.200000000;6;9449803845;S
20240122;100521;2562.400000000;1;9449803846;S
20240122;100521;2561.800000000;1;9449803847;S
20240122;100521;2561.200000000;1;9449803848;S
20240122;100521;2561.200000000;1;9449803849;S
20240122;100521;2561.200000000;5;9449803850;S
20240122;100521;2561.000000000;9;9449803851;S
20240122;100521;2563.000000000;1;9449803982;B
20240122;100522;2562.800000000;1;9449804045;S
20240122;100524;2562.800000000;4;9449804476;B
20240122;100526;2562.800000000;1;9449804731;B
20240122;100529;2562.000000000;100;9449805314;B
20240122;100531;2562.800000000;1;9449805695;B
20240122;100532;2561.800000000;10;9449805944;S
20240122;100534;2562.800000000;5;9449806113;B
20240122;100534;2561.800000000;6;9449806198;S
20240122;100536;2561.800000000;34;9449806642;S
20240122;100536;2561.800000000;6;9449806643;S
20240122;100536;2561.400000000;5;9449806644;S
20240122;100536;2560.800000000;5;9449806645;S
20240122;100536;2562.000000000;2;9449806657;B
20240122;100540;2561.800000000;2;9449807393;B
20240122;100540;2562.000000000;17;9449807394;B
20240122;100540;2562.000000000;31;9449807395;B
20240122;100542;2561.400000000;1;9449807704;S
20240122;100542;2561.200000000;5;9449807705;S
20240122;100542;2561.200000000;14;9449807706;S
20240122;100543;2562.000000000;1;9449807946;B
20240122;100543;2562.000000000;1;9449808155;B
20240122;100546;2561.400000000;5;9449808767;S
20240122;100546;2561.000000000;9;9449808768;S
20240122;100548;2561.000000000;1;9449809078;S
20240122;100549;2561.000000000;1;9449809237;S
20240122;100549;2561.000000000;1;9449809292;S
20240122;100550;2562.000000000;1;9449809371;B
20240122;100551;2562.000000000;56;9449809606;B
20240122;100551;2562.000000000;65;9449809607;B
20240122;100551;2562.000000000;17;9449809608;B
20240122;100552;2562.200000000;5;9449809761;S
20240122;100552;2562.000000000;1;9449809762;S
20240122;100553;2562.000000000;7;9449809807;S
20240122;100553;2562.800000000;1;9449809926;B
20240122;100555;2562.800000000;38;9449810165;B
20240122;100555;2562.800000000;75;9449810166;B
20240122;100555;2562.800000000;5;9449810167;B
20240122;100555;2563.000000000;2;9449810168;B
20240122;100555;2563.000000000;8;9449810169;B
20240122;100555;2563.000000000;2;9449810170;B
20240122;100555;2563.000000000;19;9449810171;B
20240122;100555;2563.600000000;1;9449810172;B
20240122;100555;2563.600000000;1;9449810173;B
20240122;100555;2563.600000000;1;9449810174;B
20240122;100555;2563.800000000;1;9449810175;B
20240122;100555;2564.000000000;8;9449810178;B
20240122;100556;2563.400000000;1;9449810350;S
20240122;100556;2564.400000000;74;9449810352;B
20240122;100556;2564.800000000;5;9449810368;B
20240122;100556;2564.800000000;2;9449810369;B
20240122;100557;2564.600000000;1;9449810448;S
20240122;100600;2564.800000000;1;9449811112;S
20240122;100600;2564.800000000;2;9449811122;S
20240122;100600;2562.400000000;1;9449811241;S
20240122;100601;2562.200000000;4;9449811277;S
20240122;100604;2563.800000000;5;9449812056;B
20240122;100604;2563.800000000;1;9449812057;B
20240122;100604;2564.000000000;98;9449812058;B
20240122;100604;2564.000000000;38;9449812059;B
20240122;100604;2564.400000000;50;9449812060;B
20240122;100604;2564.400000000;48;9449812061;B
20240122;100605;2564.800000000;1;9449812201;B
20240122;100608;2565.200000000;1;9449812777;B
20240122;100608;2565.200000000;1;9449812778;B
20240122;100608;2564.000000000;25;9449812783;S
20240122;100608;2563.600000000;5;9449812784;S
20240122;100608;2563.400000000;2;9449812785;S
20240122;100608;2563.400000000;38;9449812786;S
20240122;100609;2563.200000000;5;9449813021;S
20240122;100609;2563.000000000;5;9449813022;S
20240122;100609;2563.000000000;1;9449813023;S
20240122;100609;2563.000000000;5;9449813024;S
20240122;100609;2562.800000000;8;9449813025;S
20240122;100609;2562.400000000;1;9449813026;S
20240122;100609;2562.000000000;3;9449813027;S
20240122;100611;2563.600000000;1;9449813384;B
20240122;100612;2562.200000000;11;9449813526;S
20240122;100612;2563.800000000;2;9449813531;B
20240122;100612;2562.400000000;102;9449813594;B
20240122;100613;2562.800000000;5;9449813744;S
20240122;100613;2562.800000000;22;9449813745;S
20240122;100613;2562.600000000;11;9449813746;S
20240122;100617;2564.000000000;1;9449814603;B
20240122;100618;2563.800000000;3;9449814789;B
20240122;100618;2563.800000000;1;9449814869;B
20240122;100619;2563.200000000;2;9449815008;S
20240122;100621;2563.200000000;8;9449815448;S
20240122;100622;2563.200000000;28;9449815582;S
20240122;100626;2563.800000000;1;9449816573;B
20240122;100629;2563.200000000;2;9449817085;S
20240122;100631;2563.200000000;2;9449817484;S
20240122;100631;2563.000000000;4;9449817485;S
20240122;100633;2563.200000000;1;9449817657;B
20240122;100638;2563.000000000;10;9449818718;S
20240122;100640;2563.000000000;5;9449819011;S
20240122;100640;2563.000000000;1;9449819040;S
20240122;100646;2563.000000000;117;9449819879;S
20240122;100646;2563.000000000;5;9449819880;S
20240122;100646;2562.800000000;5;9449819881;S
20240122;100646;2562.400000000;73;9449819882;S
20240122;100647;2562.600000000;52;9449820028;B
20240122;100647;2562.600000000;50;9449820029;B
20240122;100647;2562.600000000;19;9449820030;B
20240122;100647;2562.800000000;50;9449820031;B
20240122;100647;2562.800000000;40;9449820032;B
20240122;100647;2563.000000000;5;9449820033;B
20240122;100647;2563.000000000;48;9449820034;B
20240122;100647;2563.200000000;1;9449820035;B
20240122;100647;2563.200000000;2;9449820036;B
20240122;100648;2563.200000000;1;9449820186;S
20240122;100652;2563.400000000;1;9449820905;S
20240122;100652;2563.200000000;48;9449820906;S
20240122;100653;2563.600000000;1;9449821095;B
20240122;100654;2563.600000000;1;9449821183;B
20240122;100702;2563.600000000;15;9449822999;B
20240122;100702;2563.400000000;5;9449823092;S
20240122;100702;2563.200000000;1;9449823093;S
20240122;100702;2563.200000000;14;9449823195;S
20240122;100704;2563.600000000;1;9449823533;B
20240122;100704;2563.600000000;3;9449823560;B
20240122;100705;2563.200000000;2;9449823786;S
20240122;100705;2563.600000000;2;9449823873;B
20240122;100705;2563.200000000;3;9449823948;S
20240122;100707;2563.400000000;2;9449824154;S
20240122;100707;2563.200000000;7;9449824155;S
20240122;100708;2563.600000000;25;9449824464;B
20240122;100708;2563.800000000;1;9449824465;B
20240122;100708;2563.800000000;5;9449824466;B
20240122;100708;2563.800000000;1;9449824467;B
20240122;100708;2563.800000000;52;9449824468;B
20240122;100708;2563.800000000;1;9449824469;B
20240122;100708;2563.800000000;40;9449824470;B
20240122;100714;2563.600000000;5;9449825497;S
20240122;100715;2563.400000000;2;9449825571;S
20240122;100716;2563.400000000;1;9449825736;S
20240122;100718;2563.400000000;2;9449826308;S
20240122;100718;2563.400000000;20;9449826309;S
20240122;100718;2563.400000000;8;9449826310;S
20240122;100720;2563.600000000;1;9449826772;B
20240122;100722;2563.400000000;1;9449827060;S
20240122;100723;2563.600000000;18;9449827266;B
20240122;100724;2563.600000000;16;9449827329;B
20240122;100724;2563.800000000;18;9449827330;B
20240122;100724;2564.000000000;5;9449827331;B
20240122;100724;2564.000000000;3;9449827332;B
20240122;100724;2564.000000000;5;9449827333;B
20240122;100724;2564.000000000;40;9449827334;B
20240122;100724;2564.200000000;19;9449827335;B
20240122;100724;2564.400000000;2;9449827336;B
20240122;100724;2564.400000000;48;9449827337;B
20240122;100724;2564.600000000;210;9449827338;B
20240122;100724;2565.000000000;50;9449827339;B
20240122;100724;2565.000000000;5;9449827340;B
20240122;100724;2565.000000000;6;9449827341;B
20240122;100724;2565.000000000;150;9449827342;B
20240122;100724;2565.200000000;48;9449827343;S
20240122;100724;2565.400000000;1;9449827360;B
20240122;100731;2565.000000000;5;9449828641;B
20240122;100731;2565.000000000;40;9449828642;B
20240122;100731;2565.200000000;48;9449828643;B
20240122;100731;2565.200000000;50;9449828644;B
20240122;100731;2565.400000000;4;9449828645;B
20240122;100732;2564.800000000;1;9449828764;S
20240122;100732;2564.800000000;1;9449828765;S
20240122;100733;2564.800000000;3;9449828978;S
20240122;100733;2564.600000000;1;9449828979;S
20240122;100733;2564.600000000;1;9449828980;S
20240122;100733;2564.400000000;1;9449828981;S
20240122;100733;2564.200000000;5;9449828982;S
20240122;100733;2564.200000000;14;9449828983;S
20240122;100733;2565.600000000;6;9449829046;B
20240122;100735;2565.200000000;59;9449829514;B
20240122;100735;2565.200000000;40;9449829515;B
20240122;100735;2565.200000000;15;9449829516;S
20240122;100736;2565.400000000;48;9449829882;B
20240122;100736;2565.400000000;12;9449829883;B
20240122;100736;2565.400000000;5;9449829884;B
20240122;100737;2566.000000000;5;9449830003;B
20240122;100740;2565.400000000;2;9449830456;S
20240122;100741;2565.400000000;1;9449830592;S
20240122;100742;2565.400000000;32;9449830688;S
20240122;100742;2565.200000000;36;9449830689;S
20240122;100742;2565.000000000;5;9449830690;S
20240122;100742;2564.800000000;3;9449830691;S
20240122;100742;2564.200000000;5;9449830692;S
20240122;100742;2564.000000000;14;9449830693;S
20240122;100742;2564.000000000;1;9449830694;S
20240122;100742;2564.000000000;1;9449830695;S
20240122;100742;2563.800000000;78;9449830696;S
20240122;100742;2563.600000000;2;9449830697;S
20240122;100742;2563.600000000;1;9449830698;S
20240122;100742;2563.600000000;141;9449830699;S
20240122;100742;2563.400000000;5;9449830700;S
20240122;100742;2563.400000000;176;9449830701;S
20240122;100748;2564.200000000;1;9449831725;B
20240122;100753;2564.200000000;9;9449832313;B
20240122;100753;2564.600000000;40;9449832314;B
20240122;100753;2564.800000000;5;9449832315;B
20240122;100753;2565.400000000;59;9449832316;B
20240122;100753;2565.600000000;70;9449832317;B
20240122;100753;2565.800000000;1;9449832318;B
20240122;100753;2565.800000000;48;9449832319;B
20240122;100753;2566.000000000;70;9449832320;B
20240122;100753;2566.200000000;50;9449832321;B
20240122;100753;2566.400000000;44;9449832322;B
20240122;100756;2565.400000000;12;9449832841;B
20240122;100756;2565.800000000;2;9449832842;B
20240122;100757;2566.400000000;1;9449832941;B
20240122;100757;2566.400000000;3;9449833031;B
20240122;100757;2564.800000000;2;9449833039;S
20240122;100800;2566.000000000;1;9449833580;S
20240122;100801;2564.800000000;1;9449833700;S
20240122;100801;2564.600000000;5;9449833701;S
20240122;100801;2564.600000000;1;9449833702;S
20240122;100801;2566.000000000;1;9449833708;B
20240122;100802;2566.400000000;2;9449834067;B
20240122;100803;2566.600000000;5;9449834185;B
20240122;100803;2566.600000000;5;9449834186;B
20240122;100803;2565.000000000;50;9449834233;S
20240122;100803;2564.800000000;5;9449834234;S
20240122;100803;2564.600000000;45;9449834235;S
20240122;100804;2566.000000000;1;9449834319;B
20240122;100810;2565.400000000;1;9449835476;B
20240122;100812;2565.200000000;8;9449835891;B
20240122;100813;2565.400000000;40;9449836052;B
20240122;100813;2565.400000000;36;9449836053;B
20240122;100813;2566.000000000;10;9449836054;B
20240122;100813;2566.000000000;2;9449836055;B
20240122;100814;2565.000000000;20;9449836181;S
20240122;100814;2564.800000000;10;9449836182;S
20240122;100822;2564.800000000;5;9449837386;B
20240122;100823;2564.800000000;1;9449837536;B
20240122;100828;2564.400000000;50;9449838241;B
20240122;100828;2564.400000000;40;9449838242;B
20240122;100828;2564.600000000;52;9449838243;B
20240122;100828;2564.800000000;4;9449838244;B
20240122;100828;2564.800000000;1;9449838245;B
20240122;100828;2564.800000000;53;9449838246;B
20240122;100828;2564.600000000;59;9449838309;B
20240122;100828;2564.600000000;35;9449838310;B
20240122;100828;2564.800000000;106;9449838311;B
20240122;100828;2564.800000000;2;9449838344;B
20240122;100829;2564.000000000;2;9449838406;S
20240122;100830;2564.800000000;139;9449838606;B
20240122;100830;2565.000000000;40;9449838607;B
20240122;100830;2565.000000000;21;9449838608;B
20240122;100830;2564.800000000;1;9449838635;S
20240122;100836;2564.800000000;20;9449839570;B
20240122;100836;2564.800000000;20;9449839571;B
20240122;100842;2564.800000000;2;9449840385;B
20240122;100850;2564.400000000;1;9449841841;S
20240122;100851;2564.400000000;5;9449842094;S
20240122;100852;2564.400000000;5;9449842374;B
20240122;100852;2564.400000000;14;9449842375;B
20240122;100852;2564.400000000;31;9449842376;B
20240122;100852;2564.400000000;9;9449842405;B
20240122;100852;2564.800000000;1;9449842406;B
20240122;100854;2564.800000000;1;9449842781;B
20240122;100855;2564.800000000;4;9449842888;B
20240122;100857;2564.000000000;1;9449843212;S
20240122;100902;2564.400000000;5;9449844109;B
20240122;100902;2564.400000000;40;9449844110;B
20240122;100902;2564.400000000;10;9449844111;B
20240122;100902;2564.600000000;5;9449844112;B
20240122;100902;2564.800000000;300;9449844113;B
20240122;100902;2564.800000000;19;9449844114;B
20240122;100902;2565.000000000;15;9449844115;B
20240122;100902;2565.000000000;3;9449844116;S
20240122;100902;2565.000000000;603;9449844117;S
20240122;100902;2565.000000000;5;9449844118;S
20240122;100902;2565.000000000;6;9449844119;S
20240122;100902;2565.000000000;48;9449844121;S
20240122;100903;2564.000000000;99;9449844272;S
20240122;100903;2564.000000000;3;9449844273;S
20240122;100903;2563.800000000;5;9449844274;S
20240122;100903;2563.800000000;63;9449844275;S
20240122;100903;2563.800000000;5;9449844276;S
20240122;100903;2563.400000000;20;9449844277;S
20240122;100903;2563.400000000;91;9449844278;S
20240122;100903;2563.200000000;167;9449844279;S
20240122;100903;2563.200000000;1;9449844280;S
20240122;100903;2563.200000000;10;9449844281;S
20240122;100903;2563.200000000;1;9449844282;S
20240122;100903;2563.200000000;15;9449844283;S
20240122;100903;2563.200000000;500;9449844284;S
20240122;100903;2563.200000000;10;9449844285;S
20240122;100903;2563.200000000;50;9449844286;S
20240122;100903;2563.200000000;10;9449844287;S
20240122;100903;2563.000000000;48;9449844288;S
20240122;100903;2563.000000000;1602;9449844289;S
20240122;100903;2563.000000000;50;9449844290;S
20240122;100903;2563.000000000;37;9449844291;S
20240122;100903;2563.000000000;61;9449844293;S
20240122;100903;2563.000000000;1;9449844294;S
20240122;100903;2563.000000000;26;9449844295;S
20240122;100903;2563.000000000;74;9449844298;S
20240122;100903;2563.000000000;1;9449844299;S
20240122;100903;2563.000000000;1;9449844300;S
20240122;100903;2562.400000000;2;9449844306;S
20240122;100903;2562.000000000;2;9449844313;S
20240122;100903;2562.000000000;3;9449844335;S
20240122;100904;2562.000000000;126;9449844468;S
20240122;100904;2562.000000000;1;9449844469;S
20240122;100904;2562.000000000;2;9449844470;S
20240122;100904;2561.800000000;30;9449844471;S
20240122;100906;2561.000000000;2;9449844756;S
20240122;100906;2561.000000000;1;9449844757;S
20240122;100906;2560.800000000;1;9449844758;S
20240122;100906;2560.800000000;1;9449844759;S
20240122;100906;2560.600000000;1;9449844760;S
20240122;100906;2560.600000000;2;9449844761;S
20240122;100906;2560.400000000;5;9449844762;S
20240122;100906;2560.200000000;1;9449844763;S
20240122;100906;2560.200000000;46;9449844764;S
20240122;100907;2560.800000000;50;9449844984;B
20240122;100907;2560.800000000;40;9449844985;B
20240122;100907;2561.000000000;5;9449844986;B
20240122;100910;2561.800000000;19;9449845703;B
20240122;100910;2561.800000000;48;9449845704;B
20240122;100910;2561.800000000;40;9449845705;B
20240122;100910;2561.800000000;5;9449845706;B
20240122;100910;2562.600000000;3;9449845780;B
20240122;100910;2562.000000000;3;9449845810;S
20240122;100911;2562.200000000;39;9449845961;B
20240122;100912;2562.000000000;3;9449846203;S
20240122;100912;2562.600000000;2;9449846284;B
20240122;100913;2562.600000000;57;9449846293;B
20240122;100913;2562.600000000;48;9449846294;B
20240122;100913;2562.600000000;63;9449846295;B
20240122;100919;2562.000000000;1;9449847302;S
20240122;100919;2561.200000000;5;9449847303;S
20240122;100919;2561.000000000;44;9449847304;S
20240122;100929;2561.000000000;10;9449849173;S
20240122;100929;2561.200000000;10;9449849257;B
20240122;100929;2561.000000000;45;9449849286;S
20240122;100930;2561.000000000;1;9449849303;S
20240122;100930;2561.000000000;1;9449849304;S
20240122;100930;2561.000000000;1;9449849305;S
20240122;100930;2560.400000000;5;9449849306;S
20240122;100930;2560.200000000;34;9449849307;S
20240122;100938;2560.400000000;4;9449850429;B
20240122;100939;2560.200000000;20;9449850557;S
20240122;100939;2560.200000000;5;9449850558;S
20240122;100939;2560.200000000;20;9449850559;S
20240122;100940;2560.400000000;6;9449850728;B
20240122;100940;2560.200000000;1;9449850799;S
20240122;100940;2560.200000000;50;9449850817;S
20240122;100944;2560.200000000;5;9449851344;S
20240122;100945;2560.400000000;1;9449851756;B
20240122;100947;2560.400000000;3;9449852344;B
20240122;100948;2560.200000000;7;9449852511;S
20240122;100948;2560.400000000;1;9449852540;B
20240122;100949;2560.200000000;1;9449852636;S
20240122;100957;2560.200000000;3;9449853940;S
20240122;101002;2560.400000000;3;9449855222;B
20240122;101002;2560.200000000;113;9449855223;S
20240122;101002;2560.200000000;1;9449855224;S
20240122;101002;2560.200000000;5;9449855225;S
20240122;101002;2560.200000000;6;9449855226;S
20240122;101002;2560.200000000;5;9449855227;S
20240122;101002;2560.200000000;5;9449855228;S
20240122;101002;2560.200000000;20;9449855229;S
20240122;101002;2560.200000000;20;9449855230;S
20240122;101002;2560.000000000;10;9449855231;S
20240122;101002;2560.000000000;30;9449855232;S
20240122;101002;2560.000000000;1;9449855233;S
20240122;101002;2560.000000000;15;9449855234;S
20240122;101002;2560.000000000;1;9449855235;S
20240122;101002;2560.000000000;10;9449855236;S
20240122;101002;2560.000000000;1;9449855237;S
20240122;101002;2560.000000000;150;9449855238;S
20240122;101002;2560.000000000;2;9449855239;S
20240122;101002;2560.000000000;1;9449855240;S
20240122;101002;2560.000000000;2;9449855241;S
20240122;101002;2560.000000000;5;9449855242;S
20240122;101002;2560.000000000;1;9449855243;S
20240122;101002;2560.000000000;1;9449855244;S
20240122;101002;2560.000000000;3;9449855245;S
20240122;101002;2560.000000000;233;9449855246;S
20240122;101002;2560.000000000;202;9449855247;S
20240122;101002;2559.600000000;28;9449855248;S
20240122;101002;2559.600000000;22;9449855249;S
20240122;101002;2559.200000000;3;9449855250;S
20240122;101002;2559.000000000;1;9449855252;S
20240122;101002;2559.000000000;19;9449855253;S
20240122;101002;2559.000000000;1;9449855254;S
20240122;101002;2559.000000000;1;9449855255;S
20240122;101002;2558.600000000;6;9449855257;S
20240122;101002;2558.400000000;1;9449855259;S
20240122;101002;2558.200000000;1;9449855263;S
20240122;101002;2558.000000000;1;9449855271;S
20240122;101002;2558.000000000;1;9449855272;S
20240122;101002;2558.000000000;50;9449855273;S
20240122;101002;2558.000000000;1;9449855274;S
20240122;101002;2558.000000000;3;9449855275;S
20240122;101002;2558.000000000;2;9449855276;S
20240122;101002;2558.000000000;2;9449855277;S
20240122;101002;2558.000000000;1;9449855278;S
20240122;101002;2557.800000000;2;9449855299;S
20240122;101003;2558.000000000;4;9449855598;B
20240122;101004;2557.400000000;1;9449855669;S
20240122;101005;2557.400000000;1;9449856045;S
20240122;101006;2557.600000000;4;9449856288;B
20240122;101006;2557.400000000;1;9449856305;S
20240122;101009;2557.400000000;7;9449856651;S
20240122;101009;2557.400000000;1;9449856652;S
20240122;101009;2557.400000000;1;9449856653;S
20240122;101009;2557.000000000;1;9449856751;S
20240122;101009;2557.000000000;5;9449856752;S
20240122;101009;2557.000000000;1;9449856753;S
20240122;101009;2557.000000000;1;9449856754;S
20240122;101010;2556.800000000;3;9449857005;B
20240122;101010;2556.800000000;13;9449857026;B
20240122;101010;2556.800000000;7;9449857027;B
20240122;101010;2556.600000000;2;9449857038;S
20240122;101011;2557.000000000;1;9449857224;B
20240122;101012;2556.800000000;1;9449857430;B
20240122;101012;2556.800000000;1;9449857431;B
20240122;101012;2557.000000000;3;9449857432;B
20240122;101013;2556.600000000;1;9449857617;S
20240122;101013;2556.400000000;1;9449857618;S
20240122;101013;2556.200000000;198;9449857619;S
20240122;101014;2556.200000000;102;9449857742;S
20240122;101014;2556.200000000;68;9449857743;S
20240122;101014;2556.200000000;5;9449857744;S
20240122;101014;2556.000000000;15;9449857745;S
20240122;101014;2556.000000000;2;9449857746;S
20240122;101014;2556.000000000;1;9449857747;S
20240122;101014;2556.000000000;1;9449857748;S
20240122;101014;2556.000000000;6;9449857749;S
20240122;101016;2556.000000000;4;9449858047;S
20240122;101016;2555.800000000;6;9449858048;S
20240122;101016;2556.200000000;32;9449858133;B
20240122;101016;2556.400000000;10;9449858134;B
20240122;101016;2556.400000000;8;9449858135;B
20240122;101020;2556.400000000;19;9449858880;B
20240122;101020;2556.800000000;5;9449858881;B
20240122;101021;2557.000000000;5;9449859035;S
20240122;101021;2557.000000000;59;9449859036;S
20240122;101021;2556.800000000;176;9449859037;S
20240122;101021;2556.000000000;2;9449859038;S
20240122;101021;2556.000000000;40;9449859039;S
20240122;101021;2555.800000000;4;9449859040;S
20240122;101021;2555.600000000;10;9449859041;S
20240122;101021;2555.600000000;1;9449859042;S
20240122;101021;2555.400000000;2;9449859043;S
20240122;101021;2555.400000000;10;9449859044;S
20240122;101021;2555.400000000;10;9449859045;S
20240122;101021;2555.400000000;10;9449859046;S
20240122;101021;2555.400000000;11;9449859047;S
20240122;101026;2557.000000000;2;9449859816;S
20240122;101026;2556.400000000;5;9449859817;S
20240122;101026;2556.200000000;18;9449859818;S
20240122;101027;2557.600000000;19;9449859968;B
20240122;101029;2557.600000000;5;9449860333;S
20240122;101029;2557.600000000;1;9449860334;S
20240122;101029;2557.400000000;59;9449860335;S
20240122;101029;2557.400000000;50;9449860336;S
20240122;101029;2557.400000000;34;9449860337;S
20240122;101030;2557.400000000;8;9449860498;S
20240122;101031;2557.200000000;5;9449860549;S
20240122;101031;2557.200000000;55;9449860550;S
20240122;101032;2558.800000000;10;9449860712;B
20240122;101035;2559.000000000;3;9449861227;S
20240122;101037;2559.000000000;43;9449861440;S
20240122;101038;2559.000000000;7;9449861677;S
20240122;101039;2559.000000000;30;9449861779;S
20240122;101040;2559.000000000;38;9449861881;S
20240122;101040;2558.800000000;5;9449861882;S
20240122;101040;2558.600000000;5;9449861883;S
20240122;101042;2558.800000000;10;9449862210;B
20240122;101042;2559.000000000;4;9449862211;B
20240122;101044;2558.600000000;1;9449862413;S
20240122;101044;2558.000000000;5;9449862414;S
20240122;101044;2557.600000000;5;9449862415;S
20240122;101044;2557.200000000;9;9449862416;S
20240122;101050;2557.200000000;1;9449863444;S
20240122;101050;2557.000000000;3;9449863445;S
20240122;101050;2557.000000000;1;9449863446;S
20240122;101050;2557.000000000;5;9449863447;S
20240122;101050;2556.600000000;2;9449863448;S
20240122;101050;2558.200000000;1;9449863478;B
20240122;101052;2557.200000000;3;9449863921;B
20240122;101056;2556.600000000;5;9449864638;S
20240122;101056;2556.600000000;5;9449864639;S
20240122;101057;2558.000000000;59;9449864726;B
20240122;101057;2558.000000000;41;9449864727;B
20240122;101057;2557.800000000;1;9449864775;B
20240122;101058;2556.400000000;10;9449864995;S
20240122;101058;2556.200000000;10;9449864996;S
20240122;101058;2556.200000000;30;9449864997;S
20240122;101058;2556.200000000;1;9449864998;S
20240122;101058;2556.200000000;25;9449864999;S
20240122;101058;2556.000000000;2;9449865000;S
20240122;101058;2556.000000000;100;9449865001;S
20240122;101058;2556.000000000;5;9449865002;S
20240122;101058;2555.800000000;117;9449865003;S
20240122;101059;2555.800000000;24;9449865154;S
20240122;101059;2555.800000000;15;9449865155;S
20240122;101100;2557.000000000;2;9449865286;B
20240122;101100;2555.800000000;3;9449865361;S
20240122;101100;2557.000000000;5;9449865414;B
20240122;101100;2555.800000000;2;9449865415;S
20240122;101101;2556.600000000;10;9449865548;S
20240122;101101;2556.000000000;5;9449865549;S
20240122;101101;2555.800000000;23;9449865550;S
20240122;101102;2556.000000000;1;9449865822;S
20240122;101104;2556.200000000;11;9449866224;S
20240122;101106;2556.000000000;15;9449866556;S
20240122;101106;2556.000000000;16;9449866557;S
20240122;101106;2556.000000000;10;9449866558;S
20240122;101106;2556.000000000;100;9449866559;S
20240122;101106;2556.000000000;5;9449866560;S
20240122;101106;2556.000000000;1;9449866561;S
20240122;101106;2555.800000000;1;9449866562;S
20240122;101106;2555.600000000;562;9449866563;S
20240122;101106;2555.400000000;5;9449866564;S
20240122;101106;2555.400000000;1;9449866565;S
20240122;101106;2555.400000000;1;9449866566;S
20240122;101106;2555.200000000;10;9449866567;S
20240122;101106;2555.200000000;10;9449866568;S
20240122;101106;2555.200000000;2;9449866569;S
20240122;101106;2555.200000000;1;9449866570;S
20240122;101106;2555.000000000;1;9449866571;S
20240122;101106;2555.000000000;115;9449866572;S
20240122;101106;2555.000000000;1;9449866573;S
20240122;101106;2555.000000000;66;9449866576;S
20240122;101107;2555.000000000;18;9449866696;S
20240122;101107;2555.000000000;40;9449866697;S
20240122;101107;2555.000000000;20;9449866698;S
20240122;101107;2555.000000000;10;9449866699;S
20240122;101107;2555.000000000;5;9449866700;S
20240122;101107;2555.000000000;20;9449866701;S
20240122;101107;2555.000000000;133;9449866702;S
20240122;101107;2555.000000000;100;9449866703;S
20240122;101107;2555.000000000;1;9449866704;S
20240122;101107;2555.000000000;1;9449866705;S
20240122;101107;2555.000000000;1;9449866706;S
20240122;101107;2555.000000000;2;9449866707;S
20240122;101107;2555.000000000;149;9449866708;S
20240122;101107;2555.000000000;51;9449866709;S
20240122;101107;2555.000000000;5;9449866710;S
20240122;101107;2555.000000000;50;9449866711;S
20240122;101107;2555.000000000;1;9449866712;S
20240122;101107;2555.000000000;20;9449866713;S
20240122;101107;2554.800000000;1;9449866743;B
20240122;101107;2554.600000000;2;9449866748;B
20240122;101108;2554.400000000;1;9449866880;S
20240122;101108;2554.400000000;2;9449866881;S
20240122;101108;2554.400000000;1;9449866882;S
20240122;101108;2554.200000000;10;9449866883;S
20240122;101108;2554.200000000;10;9449866884;S
20240122;101108;2554.200000000;16;9449866885;S
20240122;101108;2554.200000000;10;9449866886;S
20240122;101108;2554.200000000;16;9449866887;S
20240122;101108;2554.000000000;2;9449866888;S
20240122;101108;2554.000000000;1;9449866933;S
20240122;101108;2554.000000000;17;9449866934;S
20240122;101108;2554.000000000;13;9449867033;S
20240122;101108;2554.000000000;5;9449867034;S
20240122;101108;2553.600000000;1;9449867035;S
20240122;101108;2553.600000000;1;9449867036;S
20240122;101108;2553.600000000;1;9449867037;S
20240122;101108;2553.600000000;11;9449867038;S
20240122;101109;2553.600000000;1;9449867104;S
20240122;101109;2553.600000000;8;9449867127;S
20240122;101110;2554.200000000;1;9449867381;B
20240122;101110;2553.600000000;19;9449867399;S
20240122;101111;2554.000000000;2;9449867501;B
20240122;101112;2554.000000000;1;9449867575;B
20240122;101112;2553.800000000;1;9449867694;S
20240122;101112;2553.800000000;39;9449867695;S
20240122;101113;2553.800000000;1;9449867786;S
20240122;101114;2554.000000000;3;9449867810;B
20240122;101114;2553.800000000;1;9449867892;S
20240122;101114;2553.600000000;199;9449867893;S
20240122;101114;2553.600000000;87;9449867894;S
20240122;101115;2553.800000000;2;9449867991;B
20240122;101115;2553.600000000;675;9449868035;S
20240122;101115;2553.600000000;4;9449868100;B
20240122;101116;2553.600000000;5;9449868239;B
20240122;101116;2553.400000000;1;9449868309;S
20240122;101116;2553.400000000;9;9449868311;S
20240122;101116;2553.200000000;1;9449868312;S
20240122;101116;2553.200000000;2;9449868339;B
20240122;101117;2553.000000000;16;9449868442;S
20240122;101117;2553.000000000;10;9449868443;S
20240122;101117;2552.800000000;10;9449868444;S
20240122;101117;2552.800000000;2;9449868445;S
20240122;101117;2552.800000000;1;9449868446;S
20240122;101117;2552.800000000;10;9449868447;S
20240122;101117;2552.800000000;8;9449868448;S
20240122;101117;2552.800000000;8;9449868449;S
20240122;101117;2552.800000000;1;9449868450;S
20240122;101117;2552.800000000;6;9449868451;S
20240122;101117;2552.600000000;10;9449868452;S
20240122;101117;2552.400000000;10;9449868453;S
20240122;101117;2552.400000000;2;9449868454;S
20240122;101117;2552.200000000;1;9449868455;S
20240122;101117;2552.000000000;17;9449868456;S
20240122;101117;2552.000000000;1;9449868457;S
20240122;101117;2552.000000000;17;9449868458;S
20240122;101117;2552.000000000;50;9449868459;S
20240122;101117;2552.000000000;40;9449868460;S
20240122;101117;2551.800000000;50;9449868461;S
20240122;101117;2551.800000000;10;9449868462;S
20240122;101117;2551.800000000;12;9449868497;S
20240122;101117;2551.800000000;28;9449868525;S
20240122;101117;2551.800000000;20;9449868526;S
20240122;101117;2551.600000000;15;9449868527;S
20240122;101117;2551.600000000;8;9449868528;S
20240122;101117;2551.600000000;8;9449868529;S
20240122;101117;2551.600000000;10;9449868530;S
20240122;101117;2551.600000000;1;9449868531;S
20240122;101117;2551.600000000;6;9449868532;S
20240122;101117;2551.600000000;48;9449868533;S
20240122;101117;2551.200000000;1;9449868534;S
20240122;101117;2551.200000000;4;9449868535;S
20240122;101117;2551.200000000;1;9449868536;S
20240122;101117;2551.200000000;1;9449868537;S
20240122;101117;2551.200000000;2;9449868538;S
20240122;101117;2551.200000000;1;9449868539;S
20240122;101117;2551.200000000;96;9449868540;S
20240122;101117;2551.400000000;47;9449868541;B
20240122;101117;2551.400000000;30;9449868542;B
20240122;101117;2551.400000000;10;9449868543;B
20240122;101118;2552.000000000;2;9449868615;B
20240122;101118;2551.800000000;2;9449868617;S
20240122;101118;2551.600000000;18;9449868618;S
20240122;101118;2552.400000000;3;9449868670;B
20240122;101118;2552.000000000;1;9449868704;S
20240122;101119;2552.800000000;6;9449868821;B
20240122;101119;2553.000000000;14;9449868822;B
20240122;101120;2553.000000000;5;9449868917;B
20240122;101122;2553.000000000;4;9449869239;B
20240122;101122;2552.800000000;2;9449869277;S
20240122;101122;2552.600000000;1;9449869293;S
20240122;101122;2552.400000000;1;9449869297;B
20240122;101123;2552.200000000;5;9449869332;S
20240122;101123;2551.800000000;5;9449869333;S
20240122;101123;2551.400000000;19;9449869334;B
20240122;101123;2551.400000000;9;9449869381;S
20240122;101123;2551.200000000;61;9449869382;S
20240122;101123;2551.200000000;5;9449869383;S
20240122;101123;2551.000000000;10;9449869384;S
20240122;101123;2551.000000000;1;9449869385;S
20240122;101123;2551.000000000;1;9449869386;S
20240122;101123;2551.000000000;1;9449869387;S
20240122;101123;2551.000000000;12;9449869388;S
20240122;101126;2552.000000000;1;9449869780;S
20240122;101128;2552.000000000;1;9449870120;S
20240122;101129;2551.600000000;1;9449870189;S
20240122;101130;2552.200000000;1;9449870310;B
20240122;101130;2552.200000000;1;9449870311;B
20240122;101130;2552.400000000;2;9449870312;B
20240122;101130;2552.400000000;1;9449870313;B
20240122;101130;2552.400000000;6;9449870314;B
20240122;101130;2552.400000000;14;9449870315;B
20240122;101130;2552.600000000;1;9449870316;B
20240122;101130;2552.800000000;8;9449870317;B
20240122;101130;2553.000000000;32;9449870318;B
20240122;101130;2553.000000000;110;9449870319;B
20240122;101130;2553.000000000;50;9449870320;B
20240122;101130;2553.000000000;30;9449870321;B
20240122;101130;2553.200000000;2;9449870322;B
20240122;101130;2553.200000000;514;9449870323;B
20240122;101131;2552.000000000;20;9449870430;S
20240122;101131;2552.000000000;6;9449870431;S
20240122;101131;2551.800000000;32;9449870432;S
20240122;101131;2553.000000000;2;9449870449;B
20240122;101133;2553.200000000;1;9449870731;B
20240122;101133;2553.000000000;1;9449870759;S
20240122;101133;2553.000000000;1;9449870760;S
20240122;101133;2552.400000000;1;9449870761;S
20240122;101133;2552.400000000;6;9449870762;S
20240122;101133;2552.200000000;36;9449870763;S
20240122;101136;2552.200000000;1;9449871140;S
20240122;101136;2552.200000000;6;9449871141;S
20240122;101136;2552.200000000;1;9449871142;S
20240122;101137;2552.200000000;7;9449871152;S
20240122;101137;2552.200000000;37;9449871153;S
20240122;101137;2552.200000000;11;9449871181;S
20240122;101137;2552.400000000;50;9449871230;S
20240122;101138;2552.800000000;1;9449871315;B
20240122;101139;2552.800000000;1;9449871528;B
20240122;101139;2553.000000000;6;9449871529;B
20240122;101139;2553.200000000;4;9449871530;B
20240122;101143;2553.000000000;1;9449872018;S
20240122;101143;2553.000000000;1;9449872035;S
20240122;101144;2553.000000000;3;9449872067;S
20240122;101145;2553.000000000;10;9449872192;S
20240122;101145;2553.000000000;2;9449872354;S
20240122;101145;2553.000000000;1;9449872355;S
20240122;101145;2553.000000000;1;9449872356;S
20240122;101145;2552.800000000;6;9449872357;S
20240122;101145;2552.800000000;1;9449872358;S
20240122;101145;2552.600000000;39;9449872359;S
20240122;101146;2552.600000000;15;9449872652;S
20240122;101146;2552.400000000;59;9449872653;S
20240122;101146;2552.400000000;1;9449872654;S
20240122;101146;2552.400000000;50;9449872655;S
20240122;101146;2552.400000000;6;9449872656;S
20240122;101146;2552.200000000;14;9449872657;S
20240122;101146;2552.200000000;155;9449872658;S
20240122;101146;2553.000000000;50;9449872659;B
20240122;101146;2553.200000000;300;9449872660;B
20240122;101146;2552.400000000;59;9449872694;S
20240122;101146;2552.200000000;41;9449872695;S
20240122;101148;2552.600000000;1;9449873138;S
20240122;101148;2552.400000000;46;9449873139;S
20240122;101148;2552.400000000;30;9449873213;B
20240122;101148;2553.000000000;12;9449873355;B
20240122;101149;2552.400000000;59;9449873483;S
20240122;101149;2552.200000000;47;9449873484;S
20240122;101149;2552.200000000;1;9449873485;S
20240122;101149;2552.200000000;64;9449873486;S
20240122;101150;2552.400000000;6;9449873638;S
20240122;101150;2552.200000000;6;9449873639;S
20240122;101150;2552.200000000;40;9449873640;S
20240122;101150;2552.000000000;1;9449873641;S
20240122;101150;2552.000000000;1;9449873642;S
20240122;101150;2552.000000000;10;9449873643;S
20240122;101150;2552.000000000;1;9449873644;S
20240122;101150;2551.800000000;3;9449873645;S
20240122;101150;2551.800000000;1;9449873646;S
20240122;101150;2551.800000000;1;9449873647;S
20240122;101150;2551.800000000;2;9449873648;S
20240122;101150;2551.600000000;48;9449873649;S
20240122;101150;2551.400000000;1;9449873650;S
20240122;101150;2551.400000000;1;9449873651;S
20240122;101150;2551.400000000;2;9449873652;S
20240122;101150;2551.400000000;5;9449873653;S
20240122;101150;2551.400000000;31;9449873654;S
20240122;101152;2552.000000000;27;9449873895;S
20240122;101153;2552.200000000;3;9449874017;S
20240122;101201;2553.000000000;8;9449875106;B
20240122;101201;2553.000000000;14;9449875107;B
20240122;101201;2553.200000000;28;9449875108;B
20240122;101202;2553.200000000;153;9449875260;B
20240122;101202;2553.200000000;14;9449875261;B
20240122;101202;2553.000000000;5;9449875370;S
20240122;101202;2552.800000000;6;9449875371;S
20240122;101202;2552.600000000;5;9449875372;S
20240122;101202;2552.800000000;9;9449875399;S
20240122;101202;2552.600000000;35;9449875400;S
20240122;101202;2552.400000000;1;9449875401;S
20240122;101202;2552.400000000;6;9449875402;S
20240122;101202;2552.200000000;20;9449875403;S
20240122;101202;2552.000000000;59;9449875404;S
20240122;101202;2551.800000000;20;9449875405;S
20240122;101202;2551.800000000;62;9449875406;S
20240122;101202;2551.600000000;1;9449875407;S
20240122;101202;2551.600000000;20;9449875408;S
20240122;101202;2551.400000000;5;9449875409;S
20240122;101202;2551.200000000;1;9449875410;S
20240122;101202;2551.200000000;46;9449875411;S
20240122;101203;2551.600000000;1;9449875452;S
20240122;101203;2552.600000000;102;9449875477;B
20240122;101203;2553.400000000;1;9449875557;B
20240122;101205;2553.000000000;10;9449875742;B
20240122;101206;2553.600000000;1;9449876088;B
20240122;101207;2553.400000000;1;9449876264;B
20240122;101207;2553.600000000;2;9449876273;B
20240122;101208;2553.600000000;1;9449876364;B
20240122;101210;2553.400000000;1;9449876668;S
20240122;101211;2553.400000000;4;9449876843;S
20240122;101212;2553.400000000;42;9449877005;S
20240122;101212;2553.400000000;1;9449877006;S
20240122;101212;2553.200000000;47;9449877007;S
20240122;101213;2553.600000000;2;9449877347;B
20240122;101213;2554.000000000;50;9449877360;B
20240122;101213;2554.000000000;6;9449877376;S
20240122;101213;2553.800000000;59;9449877377;S
20240122;101213;2553.600000000;50;9449877378;S
20240122;101213;2553.400000000;68;9449877379;S
20240122;101213;2553.400000000;133;9449877380;S
20240122;101213;2553.600000000;2;9449877404;S
20240122;101215;2554.400000000;90;9449877677;S
20240122;101217;2554.400000000;6;9449877940;S
20240122;101219;2554.400000000;4;9449878236;S
20240122;101219;2554.400000000;5;9449878237;S
20240122;101219;2554.400000000;1;9449878238;S
20240122;101219;2554.200000000;6;9449878239;S
20240122;101219;2554.000000000;5;9449878240;S
20240122;101219;2553.800000000;1;9449878241;S
20240122;101219;2553.600000000;58;9449878242;S
20240122;101223;2554.400000000;4;9449878662;B
20240122;101223;2554.400000000;1;9449878663;B
20240122;101227;2554.400000000;1;9449879275;S
20240122;101229;2554.600000000;2;9449879546;B
20240122;101229;2554.600000000;11;9449879547;B
20240122;101229;2554.400000000;10;9449879557;S
20240122;101229;2554.400000000;1;9449879563;S
20240122;101229;2554.600000000;64;9449879617;B
20240122;101229;2554.800000000;10;9449879618;B
20240122;101229;2554.800000000;6;9449879619;B
20240122;101229;2555.000000000;45;9449879620;B
20240122;101230;2555.000000000;2;9449879672;B
20240122;101232;2554.200000000;1;9449880019;S
20240122;101232;2554.200000000;6;9449880020;S
20240122;101232;2554.200000000;1;9449880021;S
20240122;101232;2554.200000000;27;9449880022;S
20240122;101233;2555.000000000;1;9449880234;B
20240122;101233;2554.200000000;14;9449880242;S
20240122;101239;2554.600000000;1;9449881046;S
20240122;101239;2554.600000000;2;9449881047;S
20240122;101239;2554.600000000;1;9449881050;S
20240122;101239;2554.400000000;6;9449881051;S
20240122;101239;2554.400000000;1;9449881052;S
20240122;101239;2554.200000000;1;9449881053;S
20240122;101239;2554.200000000;31;9449881054;S
20240122;101245;2555.000000000;1;9449881938;B
20240122;101246;2554.400000000;6;9449882100;S
20240122;101246;2554.400000000;1;9449882101;S
20240122;101246;2554.200000000;59;9449882102;S
20240122;101246;2554.200000000;1;9449882103;S
20240122;101246;2554.000000000;1;9449882104;S
20240122;101246;2554.000000000;42;9449882105;S
20240122;101248;2555.000000000;20;9449882561;B
20240122;101253;2554.800000000;1;9449883283;B
20240122;101253;2554.800000000;4;9449883309;B
20240122;101254;2554.800000000;1;9449883415;B
20240122;101254;2554.800000000;3;9449883504;B
20240122;101256;2554.400000000;6;9449883814;S
20240122;101256;2554.200000000;23;9449883815;S
20240122;101256;2554.000000000;11;9449883816;S
20240122;101257;2554.800000000;69;9449883903;B
20240122;101257;2554.800000000;39;9449883904;B
20240122;101257;2555.000000000;1;9449883909;B
20240122;101257;2555.000000000;103;9449883971;B
20240122;101257;2555.000000000;1;9449883972;B
20240122;101257;2555.000000000;300;9449883973;B
20240122;101257;2555.000000000;5;9449883974;B
20240122;101257;2555.000000000;300;9449883975;B
20240122;101257;2555.000000000;5;9449883976;B
20240122;101302;2555.200000000;3;9449884582;S
20240122;101302;2556.000000000;200;9449884638;B
20240122;101302;2556.400000000;1;9449884640;B
20240122;101302;2556.400000000;1;9449884641;B
20240122;101304;2556.400000000;50;9449884926;B
20240122;101306;2556.000000000;6;9449885274;S
20240122;101306;2556.000000000;1;9449885275;S
20240122;101306;2556.000000000;5;9449885276;S
20240122;101306;2555.800000000;2;9449885277;S
20240122;101312;2556.800000000;6;9449886038;B
20240122;101312;2556.800000000;6;9449886039;B
20240122;101312;2556.800000000;108;9449886040;B
20240122;101312;2557.000000000;6;9449886041;B
20240122;101312;2557.000000000;36;9449886042;B
20240122;101313;2557.000000000;44;9449886266;S
20240122;101316;2557.200000000;8;9449886640;B
20240122;101316;2557.200000000;150;9449886735;B
20240122;101317;2557.000000000;10;9449886789;S
20240122;101317;2557.000000000;4;9449886790;S
20240122;101317;2557.000000000;1;9449886791;S
20240122;101317;2557.000000000;1;9449886792;S
20240122;101317;2557.000000000;1;9449886793;S
20240122;101317;2556.400000000;30;9449886794;B
20240122;101317;2555.600000000;1;9449886795;S
20240122;101317;2555.600000000;2;9449886796;S
20240122;101319;2557.000000000;1;9449887250;B
20240122;101327;2555.800000000;6;9449888580;S
20240122;101327;2555.400000000;1;9449888581;S
20240122;101327;2555.400000000;34;9449888582;S
20240122;101327;2555.200000000;34;9449888583;S
20240122;101327;2555.000000000;1;9449888584;S
20240122;101327;2555.000000000;1;9449888585;S
20240122;101327;2555.000000000;1;9449888586;S
20240122;101327;2555.000000000;15;9449888587;S
20240122;101327;2555.000000000;40;9449888588;S
20240122;101330;2554.800000000;10;9449888961;B
20240122;101330;2554.800000000;30;9449888962;B
20240122;101331;2554.800000000;3;9449889074;B
20240122;101332;2555.000000000;3;9449889185;B
20240122;101332;2555.000000000;3;9449889273;B
20240122;101333;2555.000000000;10;9449889451;B
20240122;101334;2555.000000000;26;9449889476;B
20240122;101336;2555.000000000;1;9449889758;B
20240122;101336;2555.000000000;1;9449889782;B
20240122;101340;2555.000000000;1;9449890181;B
20240122;101341;2555.000000000;2;9449890386;B
20240122;101343;2555.000000000;2;9449890626;B
20240122;101343;2555.000000000;5;9449890637;B
20240122;101345;2555.000000000;1;9449890919;B
20240122;101348;2554.800000000;1;9449891302;S
20240122;101350;2554.600000000;1;9449891478;S
20240122;101354;2554.800000000;1;9449892434;B
20240122;101354;2554.800000000;1;9449892523;B
20240122;101354;2554.600000000;1;9449892568;S
20240122;101354;2554.600000000;1;9449892569;S
20240122;101354;2554.400000000;2;9449892570;S
20240122;101354;2554.400000000;1;9449892571;S
20240122;101354;2554.200000000;7;9449892572;S
20240122;101354;2554.200000000;1;9449892573;S
20240122;101354;2554.200000000;1;9449892574;S
20240122;101355;2554.600000000;1;9449892671;B
20240122;101355;2554.800000000;4;9449892672;B
20240122;101359;2554.800000000;18;9449893289;B
20240122;101359;2555.000000000;12;9449893290;B
20240122;101401;2554.200000000;7;9449893465;S
20240122;101401;2554.200000000;73;9449893466;S
20240122;101401;2554.000000000;10;9449893467;S
20240122;101401;2554.000000000;176;9449893468;S
20240122;101401;2554.000000000;1;9449893469;S
20240122;101401;2554.000000000;1;9449893470;S
20240122;101401;2554.000000000;1;9449893471;S
20240122;101401;2554.000000000;1;9449893472;S
20240122;101401;2554.000000000;83;9449893473;S
20240122;101403;2554.200000000;1;9449893678;S
20240122;101403;2554.000000000;327;9449893679;S
20240122;101403;2554.000000000;2;9449893680;S
20240122;101403;2554.000000000;1;9449893681;S
20240122;101405;2553.800000000;1;9449893954;S
20240122;101405;2553.600000000;1;9449893955;S
20240122;101405;2553.600000000;5;9449893956;S
20240122;101405;2553.400000000;1;9449893957;S
20240122;101405;2553.400000000;1;9449893958;S
20240122;101405;2553.400000000;1;9449893959;S
20240122;101406;2553.800000000;3;9449894119;B
20240122;101408;2553.600000000;4;9449894312;B
20240122;101412;2553.400000000;1;9449894846;B
20240122;101412;2553.400000000;1;9449894847;B
20240122;101412;2553.600000000;48;9449894848;B
20240122;101412;2553.200000000;1;9449894914;S
20240122;101412;2553.200000000;5;9449894915;S
20240122;101412;2553.200000000;1;9449894916;S
20240122;101412;2553.000000000;2;9449894917;S
20240122;101412;2553.000000000;1;9449894918;S
20240122;101412;2553.000000000;1;9449894919;S
20240122;101412;2553.000000000;1;9449894920;S
20240122;101412;2553.000000000;1;9449894921;S
20240122;101412;2552.800000000;1;9449894922;S
20240122;101412;2552.600000000;1;9449894923;S
20240122;101412;2552.600000000;7;9449894924;S
20240122;101412;2552.400000000;1;9449894925;S
20240122;101412;2552.400000000;5;9449894926;S
20240122;101412;2552.400000000;47;9449894927;S
20240122;101412;2552.400000000;25;9449894928;S
20240122;101418;2552.600000000;7;9449896068;S
20240122;101418;2552.400000000;1;9449896069;S
20240122;101420;2552.600000000;5;9449896262;S
20240122;101420;2552.400000000;48;9449896263;S
20240122;101420;2552.200000000;20;9449896264;S
20240122;101420;2552.200000000;1;9449896265;S
20240122;101420;2552.200000000;1;9449896266;S
20240122;101420;2552.200000000;4;9449896267;S
20240122;101420;2552.200000000;7;9449896268;S
20240122;101420;2552.200000000;1;9449896269;S
20240122;101420;2552.000000000;1;9449896270;S
20240122;101420;2552.000000000;1;9449896271;S
20240122;101420;2552.000000000;18;9449896272;S
20240122;101420;2552.000000000;145;9449896273;S
20240122;101420;2552.000000000;3;9449896274;S
20240122;101420;2552.000000000;1;9449896275;S
20240122;101420;2552.000000000;1;9449896276;S
20240122;101420;2552.000000000;48;9449896277;B
20240122;101421;2553.000000000;3;9449896924;B
20240122;101422;2552.200000000;50;9449897667;S
20240122;101422;2552.200000000;20;9449897668;S
20240122;101424;2553.000000000;1;9449897953;B
20240122;101429;2552.800000000;1;9449898670;B
20240122;101430;2552.800000000;3;9449898817;B
20240122;101430;2552.800000000;1;9449898922;B
20240122;101431;2552.400000000;16;9449898998;S
20240122;101433;2552.400000000;5;9449899230;S
20240122;101435;2552.800000000;8;9449899455;B
20240122;101435;2552.800000000;1;9449899456;B
20240122;101435;2553.000000000;1;9449899602;B
20240122;101435;2553.000000000;12;9449899603;B
20240122;101435;2553.200000000;1;9449899605;B
20240122;101435;2553.200000000;25;9449899606;B
20240122;101436;2553.400000000;58;9449899704;S
20240122;101436;2553.200000000;7;9449899705;S
20240122;101436;2553.000000000;34;9449899706;S
20240122;101437;2554.000000000;1;9449899739;B
20240122;101439;2553.400000000;7;9449900098;S
20240122;101439;2553.200000000;5;9449900099;S
20240122;101440;2553.800000000;1;9449900302;B
20240122;101442;2553.200000000;10;9449900575;S
20240122;101445;2553.200000000;20;9449901154;B
20240122;101447;2553.000000000;7;9449901457;S
20240122;101447;2552.800000000;15;9449901458;S
20240122;101449;2553.000000000;1;9449901734;S
20240122;101449;2552.800000000;17;9449901735;S
20240122;101450;2553.200000000;2;9449901818;B
20240122;101450;2553.200000000;1;9449901918;B
20240122;101458;2553.000000000;5;9449903245;S
20240122;101459;2552.800000000;54;9449903249;B
20240122;101459;2552.800000000;5;9449903250;B
20240122;101502;2553.000000000;7;9449903819;B
20240122;101502;2553.000000000;50;9449903820;B
20240122;101502;2553.200000000;117;9449903821;B
20240122;101502;2553.200000000;26;9449903822;B
20240122;101502;2553.200000000;5;9449903855;B
20240122;101504;2552.600000000;7;9449904155;S
20240122;101504;2552.400000000;8;9449904156;S
20240122;101504;2552.400000000;1;9449904157;S
20240122;101504;2552.400000000;2;9449904158;S
20240122;101504;2552.400000000;3;9449904159;S
20240122;101506;2553.200000000;3;9449904602;B
20240122;101508;2553.000000000;1;9449904976;S
20240122;101509;2553.200000000;30;9449905309;B
20240122;101511;2553.000000000;1;9449905593;S
20240122;101513;2553.200000000;2;9449905959;B
20240122;101513;2553.000000000;8;9449906027;S
20240122;101513;2552.600000000;7;9449906028;S
20240122;101513;2552.400000000;15;9449906029;S
20240122;101513;2553.000000000;50;9449906074;B
20240122;101513;2553.200000000;34;9449906075;B
20240122;101513;2553.200000000;16;9449906076;B
20240122;101514;2552.600000000;23;9449906205;S
20240122;101514;2552.400000000;2;9449906206;S
20240122;101514;2552.400000000;10;9449906207;S
20240122;101514;2552.400000000;15;9449906208;S
20240122;101516;2553.000000000;2;9449906492;B
20240122;101516;2552.600000000;7;9449906554;S
20240122;101518;2552.800000000;1;9449907039;B
20240122;101523;2552.800000000;1;9449908072;B
20240122;101523;2552.800000000;1;9449908073;B
20240122;101524;2552.800000000;1;9449908151;B
20240122;101526;2552.600000000;13;9449908878;S
20240122;101526;2552.600000000;7;9449908879;S
20240122;101526;2552.400000000;19;9449908880;S
20240122;101526;2552.400000000;1;9449908919;S
20240122;101526;2552.600000000;2;9449908932;B
20240122;101527;2552.400000000;10;9449909053;S
20240122;101527;2552.600000000;1;9449909075;B
20240122;101531;2552.600000000;10;9449909796;B
20240122;101532;2552.600000000;38;9449910127;B
20240122;101532;2552.600000000;12;9449910128;B
20240122;101533;2552.400000000;5;9449910204;S
20240122;101533;2552.400000000;1;9449910205;S
20240122;101533;2552.400000000;2;9449910206;S
20240122;101533;2552.400000000;1;9449910267;B
20240122;101533;2552.400000000;1;9449910341;B
20240122;101535;2552.400000000;57;9449910568;B
20240122;101535;2552.400000000;7;9449910569;B
20240122;101535;2552.600000000;6;9449910570;B
20240122;101535;2552.200000000;10;9449910583;S
20240122;101535;2552.200000000;10;9449910584;S
20240122;101535;2552.200000000;1;9449910585;S
20240122;101535;2552.200000000;30;9449910586;S
20240122;101535;2552.200000000;7;9449910587;S
20240122;101535;2552.200000000;1;9449910588;S
20240122;101535;2552.000000000;2;9449910589;S
20240122;101535;2552.000000000;50;9449910590;S
20240122;101535;2552.000000000;1;9449910591;S
20240122;101535;2552.000000000;19;9449910592;S
20240122;101535;2552.000000000;2;9449910593;S
20240122;101535;2552.000000000;1;9449910594;S
20240122;101535;2551.800000000;1;9449910595;S
20240122;101535;2551.800000000;1;9449910596;S
20240122;101535;2551.800000000;1;9449910597;S
20240122;101535;2551.800000000;1;9449910598;S
20240122;101535;2551.800000000;5;9449910599;S
20240122;101535;2551.800000000;2;9449910600;S
20240122;101535;2551.800000000;274;9449910601;S
20240122;101535;2551.800000000;50;9449910602;S
20240122;101535;2551.800000000;1;9449910603;S
20240122;101535;2551.800000000;1;9449910604;S
20240122;101535;2551.800000000;3;9449910605;S
20240122;101535;2551.600000000;826;9449910606;S
20240122;101535;2551.600000000;57;9449910610;S
20240122;101538;2551.600000000;10;9449911433;S
20240122;101545;2551.600000000;3;9449912896;S
20240122;101546;2551.600000000;20;9449913127;S
20240122;101548;2551.800000000;1;9449913556;B
20240122;101548;2551.600000000;10;9449913665;S
20240122;101548;2551.600000000;1;9449913701;S
20240122;101550;2551.600000000;10;9449913942;S
20240122;101550;2551.800000000;1;9449913944;B
20240122;101550;2551.600000000;2;9449914141;S
20240122;101551;2551.600000000;86;9449914173;S
20240122;101554;2551.800000000;1;9449914769;B
20240122;101556;2551.800000000;50;9449915188;B
20240122;101556;2551.800000000;2;9449915338;B
20240122;101557;2551.600000000;6;9449915445;S
20240122;101602;2551.800000000;1;9449916780;B
20240122;101602;2551.800000000;10;9449916796;B
20240122;101604;2551.800000000;8;9449917098;B
20240122;101604;2551.800000000;8;9449917099;B
20240122;101604;2551.800000000;10;9449917208;S
20240122;101604;2551.800000000;5;9449917209;S
20240122;101608;2552.000000000;13;9449917932;B
20240122;101610;2551.800000000;11;9449918380;S
20240122;101610;2551.800000000;29;9449918381;S
20240122;101612;2551.800000000;30;9449918803;S
20240122;101612;2551.800000000;16;9449918804;S
20240122;101612;2551.800000000;10;9449918805;S
20240122;101612;2551.800000000;10;9449918806;S
20240122;101612;2551.800000000;10;9449918807;S
20240122;101612;2551.800000000;10;9449918808;S
20240122;101612;2551.800000000;16;9449918809;S
20240122;101612;2551.800000000;5;9449918810;S
20240122;101616;2552.000000000;10;9449919364;B
20240122;101618;2552.000000000;3;9449919645;B
20240122;101618;2552.000000000;19;9449919655;B
20240122;101619;2551.800000000;18;9449919841;S
20240122;101619;2551.800000000;5;9449919842;S
20240122;101619;2551.800000000;1;9449919843;S
20240122;101619;2551.800000000;12;9449919844;S
20240122;101619;2551.800000000;1;9449919845;S
20240122;101619;2551.800000000;7;9449919846;S
20240122;101619;2551.800000000;50;9449919847;S
20240122;101619;2551.600000000;136;9449919848;S
20240122;101620;2552.000000000;2;9449920164;B
20240122;101621;2552.000000000;2;9449920368;B
20240122;101622;2552.000000000;1;9449920534;B
20240122;101622;2552.000000000;94;9449920596;B
20240122;101622;2552.000000000;20;9449920597;B
20240122;101622;2552.000000000;7;9449920611;S
20240122;101622;2552.400000000;25;9449920711;B
20240122;101622;2552.800000000;22;9449920756;B
20240122;101624;2552.800000000;26;9449921027;B
20240122;101625;2553.000000000;11;9449921158;B
20240122;101625;2553.000000000;1;9449921159;B
20240122;101625;2553.200000000;5;9449921254;B
20240122;101625;2553.200000000;431;9449921255;B
20240122;101625;2553.200000000;5;9449921256;B
20240122;101625;2553.200000000;48;9449921257;B
20240122;101625;2553.400000000;9;9449921258;B
20240122;101625;2553.800000000;48;9449921259;B
20240122;101625;2553.800000000;41;9449921260;B
20240122;101625;2554.000000000;1;9449921262;B
20240122;101625;2554.200000000;20;9449921263;B
20240122;101626;2554.000000000;1;9449921319;S
20240122;101629;2554.200000000;11;9449921831;S
20240122;101629;2553.400000000;12;9449921832;S
20240122;101629;2553.200000000;27;9449921833;S
20240122;101631;2554.000000000;5;9449922348;B
20240122;101631;2554.000000000;5;9449922349;B
20240122;101631;2554.000000000;5;9449922350;B
20240122;101631;2554.000000000;10;9449922351;B
20240122;101632;2554.200000000;5;9449922398;B
20240122;101632;2554.200000000;5;9449922399;B
20240122;101632;2554.400000000;38;9449922400;B
20240122;101633;2554.400000000;3;9449922656;B
20240122;101634;2553.600000000;4;9449922941;S
20240122;101634;2553.600000000;4;9449922942;S
20240122;101634;2553.600000000;12;9449922943;S
20240122;101634;2553.600000000;4;9449922944;S
20240122;101634;2553.600000000;2;9449922945;S
20240122;101634;2553.400000000;50;9449922946;S
20240122;101634;2553.400000000;4;9449922947;S
20240122;101634;2553.200000000;27;9449922948;S
20240122;101634;2553.200000000;1;9449922949;S
20240122;101634;2553.000000000;50;9449922950;S
20240122;101634;2552.800000000;21;9449922951;S
20240122;101634;2552.800000000;40;9449922952;S
20240122;101634;2552.400000000;100;9449922953;S
20240122;101634;2552.400000000;1;9449922954;S
20240122;101634;2552.000000000;379;9449922955;S
20240122;101634;2552.000000000;26;9449922956;S
20240122;101634;2552.000000000;1;9449922957;S
20240122;101634;2552.000000000;65;9449922958;S
20240122;101634;2551.800000000;3;9449922959;S
20240122;101634;2551.800000000;5;9449922960;S
20240122;101634;2551.800000000;20;9449922961;S
20240122;101634;2551.800000000;5;9449922962;S
20240122;101634;2551.600000000;176;9449922963;S
20240122;101635;2553.400000000;2;9449923057;B
20240122;101635;2553.000000000;20;9449923099;B
20240122;101635;2553.000000000;20;9449923106;B
20240122;101636;2553.400000000;1;9449923178;B
20240122;101641;2552.400000000;2;9449924037;S
20240122;101644;2553.400000000;1;9449924540;B
20240122;101644;2553.400000000;24;9449924541;B
20240122;101644;2553.600000000;2;9449924542;B
20240122;101644;2553.600000000;2;9449924543;B
20240122;101644;2553.600000000;9;9449924544;B
20240122;101644;2552.400000000;4;9449924634;S
20240122;101645;2553.400000000;16;9449924657;B
20240122;101646;2553.400000000;1;9449924891;B
20240122;101647;2552.600000000;12;9449924932;S
20240122;101647;2552.400000000;21;9449924933;S
20240122;101647;2553.600000000;1;9449925094;B
20240122;101648;2552.400000000;13;9449925145;S
20240122;101648;2552.400000000;2;9449925146;S
20240122;101648;2552.200000000;3;9449925147;S
20240122;101649;2553.000000000;1;9449925406;B
20240122;101650;2553.000000000;1;9449925448;B
20240122;101652;2552.200000000;1;9449925803;S
20240122;101652;2552.200000000;3;9449925804;S
20240122;101652;2552.000000000;6;9449925805;S
20240122;101652;2552.800000000;1;9449925933;B
20240122;101652;2552.800000000;40;9449925934;B
20240122;101652;2552.800000000;50;9449925935;B
20240122;101652;2553.000000000;9;9449925936;B
20240122;101655;2553.200000000;2;9449926215;B
20240122;101655;2553.400000000;1;9449926216;B
20240122;101655;2553.000000000;1;9449926312;B
20240122;101656;2552.200000000;6;9449926351;S
20240122;101656;2553.000000000;15;9449926353;B
20240122;101656;2553.000000000;3;9449926384;B
20240122;101656;2553.000000000;21;9449926412;B
20240122;101656;2553.400000000;12;9449926413;B
20240122;101656;2553.400000000;61;9449926414;B
20240122;101656;2553.600000000;6;9449926415;B
20240122;101700;2553.800000000;3;9449927071;B
20240122;101700;2553.000000000;10;9449927164;S
20240122;101700;2552.400000000;10;9449927182;S
20240122;101700;2552.400000000;1;9449927184;S
20240122;101700;2552.400000000;9;9449927185;B
20240122;101700;2552.400000000;10;9449927190;B
20240122;101700;2553.000000000;15;9449927201;B
20240122;101704;2552.200000000;10;9449927767;S
20240122;101704;2552.200000000;10;9449927768;S
20240122;101704;2552.200000000;10;9449927770;S
20240122;101704;2552.200000000;10;9449927771;S
20240122;101706;2553.000000000;1;9449928176;B
20240122;101707;2552.200000000;1;9449928327;S
20240122;101707;2552.200000000;2;9449928328;S
20240122;101707;2552.000000000;26;9449928329;S
20240122;101707;2552.000000000;149;9449928337;S
20240122;101710;2552.800000000;1;9449928696;B
20240122;101714;2552.600000000;1;9449929403;B
20240122;101714;2552.800000000;2;9449929404;B
20240122;101714;2552.800000000;2;9449929405;B
20240122;101714;2552.200000000;2;9449929639;S
20240122;101714;2552.200000000;3;9449929641;B
20240122;101715;2552.200000000;1;9449929776;S
20240122;101715;2552.000000000;49;9449929777;S
20240122;101716;2552.800000000;2;9449929858;B
20240122;101716;2552.200000000;10;9449929899;S
20240122;101716;2552.000000000;40;9449929900;S
20240122;101727;2552.400000000;1;9449931768;S
20240122;101727;2552.200000000;2;9449931769;S
20240122;101727;2552.000000000;10;9449931770;S
20240122;101727;2552.000000000;6;9449931771;S
20240122;101728;2552.000000000;16;9449931835;S
20240122;101730;2552.600000000;1;9449932220;B
20240122;101730;2552.400000000;1;9449932306;S
20240122;101733;2552.800000000;2;9449932721;B
20240122;101734;2552.800000000;3;9449932928;B
20240122;101734;2552.800000000;40;9449932929;B
20240122;101734;2553.000000000;9;9449932930;B
20240122;101736;2553.600000000;1;9449933233;B
20240122;101736;2553.600000000;29;9449933234;B
20240122;101738;2553.800000000;3;9449933504;B
20240122;101739;2552.800000000;2;9449933840;S
20240122;101740;2553.800000000;1;9449933917;B
20240122;101743;2553.000000000;13;9449934261;S
20240122;101743;2552.800000000;11;9449934262;S
20240122;101743;2552.600000000;16;9449934263;S
20240122;101745;2554.000000000;1;9449934577;B
20240122;101745;2554.000000000;11;9449934578;B
20240122;101745;2554.000000000;50;9449934579;B
20240122;101745;2554.200000000;1;9449934580;B
20240122;101745;2554.200000000;37;9449934581;B
20240122;101746;2554.200000000;50;9449934835;B
20240122;101746;2554.200000000;10;9449934841;S
20240122;101746;2554.200000000;10;9449934842;S
20240122;101747;2554.200000000;2;9449934890;S
20240122;101748;2554.400000000;5;9449935012;B
20240122;101749;2554.400000000;1;9449935253;B
20240122;101750;2554.400000000;4;9449935657;B
20240122;101750;2554.400000000;4;9449935658;B
20240122;101751;2554.600000000;1;9449935801;B
20240122;101753;2554.600000000;1;9449935971;B
20240122;101754;2554.200000000;8;9449936178;S
20240122;101754;2554.200000000;2;9449936209;S
20240122;101759;2554.400000000;4;9449937038;S
20240122;101759;2554.200000000;218;9449937039;S
20240122;101759;2554.200000000;11;9449937040;S
20240122;101759;2553.000000000;4;9449937041;S
20240122;101759;2553.000000000;65;9449937042;S
20240122;101759;2552.800000000;3;9449937043;S
20240122;101759;2552.600000000;4;9449937044;S
20240122;101759;2552.600000000;2;9449937045;S
20240122;101759;2552.600000000;1;9449937046;S
20240122;101759;2552.600000000;1;9449937047;S
20240122;101759;2552.400000000;2;9449937048;S
20240122;101759;2552.400000000;1;9449937049;S
20240122;101759;2552.200000000;5;9449937050;S
20240122;101759;2552.200000000;10;9449937051;S
20240122;101759;2552.200000000;2;9449937052;S
20240122;101759;2552.200000000;6;9449937053;S
20240122;101759;2552.000000000;3;9449937054;S
20240122;101759;2552.000000000;40;9449937055;S
