<DATE>;<TIME>;<LAST>;<VOL>;<ID>;<OPER>
20240118;095933;2654.400000000;1;9428033007;S
20240118;095933;2654.400000000;1;9428033008;S
20240118;095933;2654.400000000;1;9428033009;S
20240118;095933;2654.400000000;1;9428033010;S
20240118;095933;2654.400000000;3;9428033011;B
20240118;095933;2654.400000000;8;9428033012;S
20240118;095933;2654.400000000;1;9428033013;S
20240118;095933;2654.400000000;4;9428033014;S
20240118;095933;2654.400000000;1;9428033015;S
20240118;095933;2654.400000000;2;9428033016;S
20240118;095933;2654.400000000;2;9428033017;S
20240118;095933;2654.400000000;29;9428033018;B
20240118;095933;2654.400000000;5;9428033019;B
20240118;095933;2654.400000000;1;9428033020;B
20240118;095933;2654.400000000;4;9428033021;B
20240118;095933;2654.400000000;1;9428033022;B
20240118;095933;2654.400000000;2;9428033023;B
20240118;095933;2654.400000000;50;9428033024;B
20240118;095933;2654.400000000;50;9428033025;B
20240118;095933;2654.400000000;6;9428033026;B
20240118;095933;2654.400000000;17;9428033027;B
20240118;095933;2654.400000000;1;9428033028;S
20240118;095933;2654.400000000;20;9428033029;B
20240118;095933;2654.400000000;4;9428033030;B
20240118;095933;2654.400000000;8;9428033031;B
20240118;095933;2654.400000000;1;9428033032;S
20240118;095933;2654.400000000;3;9428033033;B
20240118;095933;2654.400000000;1;9428033034;B
20240118;095933;2654.400000000;30;9428033035;B
20240118;095933;2654.400000000;7;9428033036;B
20240118;095933;2654.400000000;23;9428033037;B
20240118;095933;2654.400000000;89;9428033038;B
20240118;095933;2654.400000000;2;9428033039;B
20240118;095933;2654.400000000;3;9428033040;B
20240118;095933;2654.400000000;6;9428033041;B
20240118;095933;2654.400000000;5;9428033042;B
20240118;095933;2654.400000000;25;9428033043;B
20240118;095933;2654.400000000;17;9428033044;B
20240118;095933;2654.400000000;1;9428033045;B
20240118;095933;2654.400000000;1;9428033046;B
20240118;095933;2654.400000000;1;9428033047;B
20240118;095933;2654.400000000;6;9428033048;B
20240118;095933;2654.400000000;30;9428033049;B
20240118;095933;2654.400000000;14;9428033050;B
20240118;095933;2654.400000000;100;9428033051;B
20240118;095933;2654.400000000;100;9428033052;B
20240118;095933;2654.400000000;1;9428033053;B
20240118;095933;2654.400000000;1;9428033054;B
20240118;095933;2654.400000000;1;9428033055;B
20240118;095933;2654.400000000;1;9428033056;B
20240118;095933;2654.400000000;1;9428033057;B
20240118;100000;2654.400000000;10;9428039138;B
20240118;100000;2654.400000000;30;9428039140;B
20240118;100000;2654.400000000;10;9428039144;B
20240118;100000;2654.400000000;10;9428039161;B
20240118;100000;2654.400000000;10;9428039173;B
20240118;100000;2654.400000000;10;9428039193;B
20240118;100000;2654.400000000;10;9428039215;B
20240118;100000;2654.400000000;10;9428039245;B
20240118;100000;2654.400000000;49;9428039248;B
20240118;100000;2654.600000000;138;9428039337;B
20240118;100000;2654.600000000;229;9428039351;B
20240118;100000;2654.800000000;15;9428039409;B
20240118;100000;2654.800000000;20;9428039410;B
20240118;100000;2654.800000000;2;9428039411;B
20240118;100000;2655.000000000;1;9428039443;B
20240118;100000;2655.000000000;4;9428039444;B
20240118;100000;2655.000000000;16;9428039445;B
20240118;100000;2655.000000000;72;9428039446;B
20240118;100000;2655.000000000;22;9428039447;B
20240118;100000;2656.000000000;11;9428039473;B
20240118;100000;2656.000000000;1;9428039474;B
20240118;100000;2656.400000000;17;9428039531;B
20240118;100000;2655.400000000;4;9428039570;S
20240118;100000;2655.400000000;6;9428039571;S
20240118;100000;2657.200000000;10;9428039582;B
20240118;100000;2657.200000000;7;9428039766;B
20240118;100001;2657.200000000;100;9428039972;B
20240118;100001;2657.200000000;83;9428039973;B
20240118;100001;2657.200000000;5;9428039974;B
20240118;100001;2658.600000000;26;9428039985;B
20240118;100001;2658.600000000;74;9428040069;S
20240118;100001;2658.600000000;31;9428040070;S
20240118;100001;2658.400000000;8;9428040092;S
20240118;100001;2658.600000000;1;9428040113;B
20240118;100001;2658.600000000;3;9428040362;B
20240118;100001;2658.600000000;16;9428040363;B
20240118;100001;2658.800000000;4;9428040364;B
20240118;100001;2659.000000000;30;9428040365;B
20240118;100001;2658.400000000;1;9428040445;S
20240118;100001;2658.400000000;1;9428040514;S
20240118;100001;2658.400000000;100;9428040515;S
20240118;100001;2658.400000000;4;9428040516;S
20240118;100001;2658.400000000;47;9428040517;S
20240118;100001;2656.400000000;50;9428040518;S
20240118;100001;2656.000000000;38;9428040519;S
20240118;100001;2655.800000000;50;9428040520;S
20240118;100001;2655.600000000;65;9428040521;S
20240118;100002;2658.600000000;1;9428040904;B
20240118;100002;2658.800000000;14;9428040905;B
20240118;100002;2656.600000000;5;9428040932;S
20240118;100002;2658.600000000;3;9428041054;B
20240118;100002;2656.600000000;39;9428041077;S
20240118;100002;2656.600000000;4;9428041538;B
20240118;100002;2658.600000000;1;9428041548;B
20240118;100003;2656.400000000;1;9428041646;S
20240118;100004;2656.800000000;23;9428041999;S
20240118;100004;2656.800000000;1;9428042246;S
20240118;100004;2657.800000000;1;9428042581;B
20240118;100005;2657.000000000;3;9428043283;S
20240118;100005;2656.800000000;2;9428043284;S
20240118;100005;2657.800000000;1;9428044141;B
20240118;100005;2657.800000000;1;9428044145;B
20240118;100005;2657.800000000;2;9428044244;B
20240118;100005;2657.800000000;1;9428044245;B
20240118;100006;2656.800000000;1;9428044403;S
20240118;100006;2657.800000000;1;9428044975;B
20240118;100006;2657.800000000;1;9428045312;B
20240118;100007;2656.800000000;4;9428045526;S
20240118;100007;2656.800000000;1;9428045535;S
20240118;100007;2657.800000000;1;9428045618;B
20240118;100008;2657.200000000;1;9428045995;S
20240118;100009;2656.800000000;1;9428046375;S
20240118;100009;2656.800000000;1;9428046538;S
20240118;100010;2657.200000000;1;9428046566;B
20240118;100010;2657.800000000;1;9428046638;B
20240118;100010;2657.800000000;3;9428046642;B
20240118;100010;2657.800000000;9;9428046867;B
20240118;100010;2657.800000000;3;9428047069;B
20240118;100010;2658.000000000;2;9428047070;B
20240118;100010;2658.400000000;13;9428047071;B
20240118;100010;2658.600000000;1;9428047087;B
20240118;100010;2658.600000000;1;9428047104;B
20240118;100011;2657.600000000;1;9428047114;S
20240118;100011;2658.800000000;2;9428047115;B
20240118;100011;2657.600000000;1;9428047445;S
20240118;100012;2659.000000000;100;9428047598;B
20240118;100012;2659.000000000;50;9428047614;B
20240118;100012;2658.600000000;1;9428047622;S
20240118;100013;2658.800000000;5;9428047691;B
20240118;100013;2659.000000000;5;9428047842;B
20240118;100013;2658.600000000;1;9428047897;S
20240118;100014;2658.600000000;1;9428048074;S
20240118;100014;2658.800000000;5;9428048117;B
20240118;100014;2658.800000000;2;9428048118;B
20240118;100014;2659.000000000;11;9428048119;B
20240118;100015;2658.600000000;1;9428048262;S
20240118;100016;2658.600000000;5;9428048345;S
20240118;100016;2658.600000000;1;9428048539;S
20240118;100017;2658.600000000;1;9428048716;S
20240118;100018;2658.600000000;1;9428048938;S
20240118;100018;2658.800000000;5;9428048991;B
20240118;100018;2658.800000000;2;9428048992;B
20240118;100018;2659.000000000;4;9428048993;B
20240118;100018;2659.000000000;2;9428048994;B
20240118;100019;2659.200000000;1;9428049233;S
20240118;100020;2659.600000000;24;9428049342;B
20240118;100020;2659.800000000;6;9428049343;B
20240118;100020;2659.800000000;8;9428049344;B
20240118;100020;2659.800000000;59;9428049345;B
20240118;100020;2659.800000000;2;9428049346;B
20240118;100020;2660.000000000;1;9428049347;B
20240118;100020;2659.400000000;1;9428049358;S
20240118;100020;2659.200000000;2;9428049359;S
20240118;100020;2659.200000000;7;9428049360;S
20240118;100020;2659.200000000;2;9428049444;S
20240118;100020;2659.000000000;1;9428049469;S
20240118;100020;2659.800000000;8;9428049534;B
20240118;100020;2659.800000000;1;9428049539;B
20240118;100021;2659.800000000;30;9428049550;B
20240118;100021;2660.000000000;19;9428049551;B
20240118;100021;2660.000000000;1;9428049552;B
20240118;100021;2659.200000000;1;9428049637;S
20240118;100022;2659.000000000;1;9428049764;S
20240118;100023;2659.000000000;1;9428049881;S
20240118;100023;2659.000000000;5;9428049918;S
20240118;100024;2659.000000000;1;9428050010;S
20240118;100024;2659.000000000;1;9428050047;S
20240118;100025;2659.000000000;50;9428050278;S
20240118;100025;2659.000000000;1;9428050303;S
20240118;100025;2659.000000000;50;9428050306;S
20240118;100025;2659.200000000;1;9428050385;B
20240118;100025;2659.400000000;1;9428050386;B
20240118;100026;2659.000000000;1;9428050402;S
20240118;100026;2659.000000000;1;9428050472;S
20240118;100026;2659.000000000;1;9428050502;S
20240118;100027;2659.000000000;1;9428050624;S
20240118;100027;2659.000000000;1;9428050703;S
20240118;100028;2659.000000000;1;9428050803;S
20240118;100029;2659.000000000;1;9428050920;S
20240118;100029;2659.000000000;1;9428050987;S
20240118;100030;2659.000000000;1;9428051314;S
20240118;100030;2659.000000000;1;9428051465;S
20240118;100031;2659.000000000;3;9428051536;S
20240118;100031;2659.000000000;1;9428051558;S
20240118;100031;2659.000000000;1;9428051704;S
20240118;100031;2659.000000000;7;9428051759;S
20240118;100032;2659.000000000;1;9428051858;S
20240118;100033;2659.000000000;1;9428052068;S
20240118;100033;2659.000000000;1;9428052158;S
20240118;100036;2659.000000000;1;9428052686;S
20240118;100037;2659.000000000;1;9428052948;S
20240118;100038;2659.000000000;1;9428053163;S
20240118;100039;2659.000000000;25;9428053342;S
20240118;100039;2659.000000000;100;9428053519;S
20240118;100040;2659.000000000;23;9428053615;S
20240118;100040;2658.800000000;3;9428053616;S
20240118;100040;2658.600000000;74;9428053617;S
20240118;100040;2658.600000000;14;9428053618;S
20240118;100040;2657.000000000;30;9428053625;B
20240118;100040;2657.400000000;1;9428053636;B
20240118;100040;2658.800000000;20;9428053639;B
20240118;100040;2658.200000000;2;9428053660;B
20240118;100041;2656.400000000;1;9428053718;S
20240118;100041;2657.800000000;1;9428053863;B
20240118;100042;2658.600000000;1;9428054074;B
20240118;100043;2656.800000000;18;9428054188;S
20240118;100045;2656.000000000;29;9428054484;S
20240118;100045;2656.000000000;1;9428054522;S
20240118;100047;2657.400000000;1;9428054878;B
20240118;100049;2657.400000000;1;9428055207;B
20240118;100049;2657.600000000;1;9428055208;B
20240118;100049;2657.800000000;1;9428055209;B
20240118;100051;2657.800000000;1;9428055523;B
20240118;100052;2657.800000000;1;9428055696;B
20240118;100054;2657.800000000;1;9428056044;B
20240118;100054;2657.800000000;1;9428056045;B
20240118;100056;2657.800000000;2;9428056499;B
20240118;100058;2657.800000000;8;9428056740;B
20240118;100058;2657.800000000;22;9428056741;B
20240118;100100;2657.400000000;1;9428057089;B
20240118;100100;2657.600000000;1;9428057090;B
20240118;100102;2657.000000000;1;9428057338;B
20240118;100102;2657.200000000;5;9428057453;B
20240118;100102;2657.400000000;1;9428057454;B
20240118;100102;2657.600000000;37;9428057455;B
20240118;100102;2657.800000000;7;9428057456;B
20240118;100105;2657.800000000;2;9428057905;B
20240118;100107;2657.200000000;2;9428058197;S
20240118;100107;2657.000000000;23;9428058198;S
20240118;100122;2657.200000000;2;9428060746;S
20240118;100122;2657.000000000;98;9428060747;S
20240118;100122;2657.000000000;44;9428060748;S
20240118;100122;2656.200000000;13;9428060749;S
20240118;100130;2656.800000000;5;9428062098;B
20240118;100130;2657.000000000;35;9428062099;B
20240118;100133;2656.400000000;2;9428062549;S
20240118;100133;2656.000000000;71;9428062550;S
20240118;100133;2656.000000000;1;9428062551;S
20240118;100133;2656.000000000;5;9428062552;S
20240118;100133;2655.600000000;47;9428062553;S
20240118;100133;2655.400000000;38;9428062554;S
20240118;100133;2655.400000000;70;9428062555;S
20240118;100133;2655.200000000;93;9428062556;S
20240118;100133;2655.000000000;2;9428062557;S
20240118;100133;2654.800000000;4;9428062558;S
20240118;100133;2655.000000000;1;9428062559;S
20240118;100137;2655.400000000;1;9428063100;S
20240118;100137;2655.400000000;71;9428063101;B
20240118;100143;2655.200000000;2;9428064032;S
20240118;100143;2654.800000000;1;9428064033;S
20240118;100143;2654.800000000;47;9428064034;S
20240118;100147;2656.400000000;5;9428064546;B
20240118;100150;2654.800000000;2;9428064899;S
20240118;100150;2654.600000000;3;9428064900;S
20240118;100151;2656.400000000;2;9428065056;B
20240118;100151;2656.400000000;3;9428065080;B
20240118;100156;2655.400000000;2;9428066008;S
20240118;100156;2655.400000000;26;9428066009;S
20240118;100157;2655.000000000;47;9428066271;S
20240118;100157;2655.000000000;28;9428066272;B
20240118;100157;2656.600000000;25;9428066274;B
20240118;100157;2657.200000000;1;9428066276;B
20240118;100157;2657.200000000;5;9428066277;B
20240118;100157;2657.600000000;20;9428066420;S
20240118;100158;2657.600000000;80;9428066515;S
20240118;100158;2657.600000000;70;9428066516;S
20240118;100200;2657.800000000;12;9428066893;B
20240118;100201;2657.600000000;1;9428067358;S
20240118;100202;2657.600000000;1;9428067695;S
20240118;100203;2657.600000000;1;9428067851;S
20240118;100203;2657.600000000;1;9428067969;S
20240118;100204;2657.600000000;1;9428068034;S
20240118;100204;2657.600000000;1;9428068125;S
20240118;100204;2657.800000000;1;9428068133;B
20240118;100204;2657.600000000;4;9428068134;S
20240118;100204;2657.800000000;3;9428068148;B
20240118;100204;2657.600000000;1;9428068155;S
20240118;100205;2657.600000000;1;9428068230;S
20240118;100205;2657.600000000;1;9428068271;S
20240118;100205;2657.600000000;6;9428068308;S
20240118;100206;2657.800000000;1;9428068500;B
20240118;100207;2657.600000000;11;9428068591;S
20240118;100207;2657.600000000;5;9428068592;S
20240118;100207;2657.600000000;4;9428068593;S
20240118;100208;2657.600000000;1;9428068748;S
20240118;100213;2657.200000000;2;9428069490;S
20240118;100213;2657.200000000;3;9428069535;B
20240118;100213;2657.400000000;2;9428069536;B
20240118;100216;2657.400000000;1;9428070087;B
20240118;100221;2657.400000000;4;9428070613;B
20240118;100224;2657.400000000;31;9428071141;B
20240118;100224;2657.600000000;4;9428071142;B
20240118;100224;2657.000000000;26;9428071319;S
20240118;100224;2656.200000000;2;9428071320;S
20240118;100224;2656.000000000;40;9428071321;S
20240118;100224;2655.600000000;5;9428071322;S
20240118;100224;2655.600000000;21;9428071323;S
20240118;100232;2655.600000000;1;9428072232;S
20240118;100232;2655.400000000;39;9428072233;S
20240118;100233;2656.800000000;1;9428072411;B
20240118;100242;2655.600000000;2;9428073672;B
20240118;100242;2656.400000000;4;9428073673;B
20240118;100245;2656.400000000;7;9428074045;B
20240118;100247;2655.200000000;2;9428074289;S
20240118;100251;2655.400000000;20;9428075116;B
20240118;100251;2656.400000000;9;9428075117;B
20240118;100254;2656.600000000;3;9428075616;B
20240118;100302;2656.600000000;19;9428076880;B
20240118;100308;2656.600000000;1;9428077952;B
20240118;100313;2656.400000000;1;9428078777;S
20240118;100313;2656.000000000;5;9428078778;B
20240118;100314;2656.000000000;1;9428078828;B
20240118;100318;2656.000000000;13;9428079335;B
20240118;100318;2656.400000000;10;9428079336;B
20240118;100318;2656.600000000;2;9428079337;B
20240118;100318;2656.600000000;10;9428079338;B
20240118;100318;2656.600000000;1;9428079339;B
20240118;100325;2656.800000000;5;9428080475;B
20240118;100333;2655.800000000;35;9428081634;S
20240118;100336;2656.800000000;2;9428082082;B
20240118;100337;2656.800000000;2;9428082187;B
20240118;100339;2656.600000000;1;9428082469;S
20240118;100339;2656.600000000;1;9428082472;S
20240118;100340;2656.600000000;9;9428082619;S
20240118;100341;2656.600000000;1;9428082835;S
20240118;100341;2656.600000000;2;9428082870;S
20240118;100350;2656.600000000;1;9428083792;B
20240118;100354;2656.400000000;5;9428084290;S
20240118;100357;2656.400000000;4;9428084541;S
20240118;100357;2656.600000000;5;9428084635;B
20240118;100357;2656.600000000;60;9428084636;B
20240118;100358;2656.600000000;2;9428084716;B
20240118;100359;2656.600000000;4;9428084846;B
20240118;100359;2656.600000000;1;9428084911;B
20240118;100400;2656.400000000;1;9428085031;S
20240118;100405;2656.200000000;24;9428085723;S
20240118;100405;2656.000000000;1;9428085724;S
20240118;100406;2656.400000000;1;9428085836;B
20240118;100406;2656.400000000;38;9428085837;B
20240118;100406;2656.400000000;47;9428085838;B
20240118;100406;2656.600000000;33;9428085839;B
20240118;100406;2656.600000000;81;9428085840;B
20240118;100406;2656.200000000;5;9428085849;S
20240118;100406;2656.600000000;14;9428085869;B
20240118;100407;2656.200000000;2;9428085952;S
20240118;100409;2656.600000000;2;9428086192;B
20240118;100409;2656.200000000;5;9428086198;S
20240118;100409;2656.200000000;6;9428086259;S
20240118;100414;2656.000000000;1;9428086935;S
20240118;100414;2656.200000000;134;9428086991;B
20240118;100414;2656.600000000;103;9428086992;B
20240118;100418;2656.600000000;1;9428087463;S
20240118;100419;2656.600000000;10;9428087633;S
20240118;100423;2656.600000000;1;9428088187;S
20240118;100427;2656.600000000;1;9428088701;S
20240118;100428;2656.800000000;15;9428088719;B
20240118;100429;2656.800000000;14;9428088940;B
20240118;100433;2656.800000000;1;9428089358;B
20240118;100436;2656.600000000;1;9428089697;S
20240118;100437;2656.600000000;50;9428089829;S
20240118;100439;2656.600000000;18;9428090069;S
20240118;100442;2656.600000000;14;9428090447;S
20240118;100443;2656.600000000;5;9428090618;S
20240118;100443;2656.800000000;1;9428090655;B
20240118;100444;2656.800000000;20;9428090737;B
20240118;100447;2656.600000000;62;9428091061;S
20240118;100447;2656.600000000;50;9428091062;S
20240118;100450;2656.600000000;14;9428091665;S
20240118;100455;2656.600000000;1;9428092385;S
20240118;100455;2656.600000000;11;9428092412;S
20240118;100455;2656.600000000;5;9428092413;S
20240118;100455;2656.600000000;5;9428092414;S
20240118;100455;2656.400000000;2;9428092415;S
20240118;100455;2656.200000000;3;9428092416;S
20240118;100455;2656.000000000;41;9428092417;S
20240118;100459;2654.200000000;4;9428092951;S
20240118;100459;2655.400000000;25;9428092954;B
20240118;100500;2654.200000000;4;9428093039;S
20240118;100501;2654.200000000;1;9428093243;S
20240118;100502;2654.400000000;1;9428093377;B
20240118;100502;2655.000000000;2;9428093378;B
20240118;100502;2655.000000000;7;9428093379;B
20240118;100505;2654.600000000;12;9428093852;B
20240118;100505;2654.800000000;2;9428093853;B
20240118;100505;2655.000000000;22;9428093854;B
20240118;100516;2654.400000000;2;9428095423;B
20240118;100516;2654.600000000;25;9428095424;B
20240118;100516;2654.800000000;2;9428095425;B
20240118;100516;2655.000000000;8;9428095426;B
20240118;100518;2654.200000000;1;9428095658;S
20240118;100518;2654.000000000;3;9428095659;S
20240118;100518;2654.000000000;5;9428095660;S
20240118;100518;2653.600000000;2;9428095661;S
20240118;100518;2653.600000000;5;9428095662;S
20240118;100518;2653.600000000;14;9428095663;S
20240118;100519;2654.800000000;20;9428095766;B
20240118;100529;2654.400000000;5;9428097385;B
20240118;100530;2653.800000000;2;9428097495;S
20240118;100531;2653.800000000;2;9428097619;B
20240118;100531;2653.600000000;2;9428097669;S
20240118;100531;2653.400000000;3;9428097670;S
20240118;100531;2653.400000000;59;9428097671;S
20240118;100531;2653.400000000;2;9428097672;S
20240118;100531;2653.200000000;34;9428097673;S
20240118;100532;2653.200000000;157;9428097723;S
20240118;100532;2653.200000000;85;9428097724;S
20240118;100532;2653.200000000;1;9428097725;S
20240118;100532;2653.200000000;1;9428097726;S
20240118;100532;2653.200000000;26;9428097727;S
20240118;100532;2653.200000000;30;9428097728;S
20240118;100532;2653.200000000;2;9428097729;S
20240118;100532;2653.000000000;10;9428097730;S
20240118;100532;2653.000000000;3;9428097731;S
20240118;100532;2653.000000000;400;9428097732;S
20240118;100532;2653.000000000;100;9428097733;S
20240118;100532;2653.000000000;1;9428097734;S
20240118;100532;2653.000000000;4;9428097735;S
20240118;100532;2653.000000000;199;9428097736;S
20240118;100532;2653.000000000;28;9428097743;S
20240118;100532;2653.000000000;52;9428097744;S
20240118;100532;2653.000000000;21;9428097756;S
20240118;100532;2653.000000000;5;9428097817;S
20240118;100532;2653.400000000;2;9428097864;B
20240118;100532;2653.400000000;1;9428097865;B
20240118;100532;2653.600000000;7;9428097866;B
20240118;100532;2653.000000000;5;9428097869;S
20240118;100532;2653.000000000;5;9428097891;S
20240118;100533;2653.000000000;5;9428097955;S
20240118;100533;2653.000000000;20;9428098016;S
20240118;100534;2653.000000000;70;9428098094;S
20240118;100534;2653.000000000;5;9428098136;S
20240118;100534;2653.000000000;15;9428098256;S
20240118;100535;2653.000000000;5;9428098387;S
20240118;100536;2653.000000000;20;9428098502;S
20240118;100536;2653.200000000;1;9428098631;B
20240118;100537;2653.000000000;541;9428098711;S
20240118;100537;2653.000000000;1;9428098712;S
20240118;100537;2653.000000000;100;9428098713;S
20240118;100537;2653.000000000;15;9428098714;S
20240118;100537;2653.000000000;343;9428098715;S
20240118;100537;2653.000000000;8;9428098716;S
20240118;100537;2653.000000000;14;9428098717;S
20240118;100537;2653.000000000;12;9428098718;S
20240118;100537;2652.600000000;3;9428098719;S
20240118;100537;2652.400000000;2;9428098720;S
20240118;100537;2652.400000000;15;9428098721;S
20240118;100537;2652.400000000;1;9428098722;S
20240118;100537;2652.400000000;1;9428098723;S
20240118;100537;2652.400000000;12;9428098724;S
20240118;100537;2652.400000000;2;9428098725;S
20240118;100537;2652.400000000;4;9428098726;S
20240118;100537;2652.400000000;11;9428098727;S
20240118;100537;2652.400000000;4;9428098728;S
20240118;100537;2652.400000000;1;9428098729;S
20240118;100537;2652.400000000;19;9428098730;S
20240118;100537;2652.400000000;3;9428098731;S
20240118;100537;2652.400000000;9;9428098732;S
20240118;100537;2652.200000000;1;9428098733;S
20240118;100537;2652.200000000;3;9428098734;S
20240118;100537;2652.200000000;1;9428098735;S
20240118;100537;2652.000000000;1;9428098737;S
20240118;100537;2652.000000000;6;9428098738;S
20240118;100537;2652.000000000;1;9428098739;S
20240118;100537;2651.400000000;1;9428098755;S
20240118;100537;2651.000000000;1;9428098756;S
20240118;100537;2650.600000000;3;9428098757;S
20240118;100537;2650.400000000;15;9428098758;S
20240118;100537;2651.600000000;1;9428098771;B
20240118;100537;2650.000000000;1;9428098775;S
20240118;100537;2650.000000000;1;9428098776;S
20240118;100537;2650.000000000;1;9428098777;S
20240118;100537;2650.000000000;9;9428098784;S
20240118;100538;2650.200000000;3;9428098813;S
20240118;100538;2650.200000000;1;9428098893;S
20240118;100541;2651.800000000;3;9428099161;B
20240118;100541;2652.000000000;3;9428099162;B
20240118;100542;2650.400000000;1;9428099305;S
20240118;100542;2650.200000000;9;9428099306;S
20240118;100543;2651.600000000;5;9428099339;B
20240118;100543;2651.600000000;2;9428099340;B
20240118;100557;2650.600000000;1;9428101596;S
20240118;100559;2650.600000000;1;9428101819;S
20240118;100559;2650.400000000;1;9428101820;S
20240118;100559;2650.400000000;3;9428101821;S
20240118;100559;2650.200000000;11;9428101822;S
20240118;100559;2650.200000000;1;9428101823;S
20240118;100559;2650.200000000;38;9428101824;S
20240118;100559;2650.000000000;11;9428101825;S
20240118;100559;2650.000000000;1;9428101826;S
20240118;100559;2650.000000000;61;9428101827;S
20240118;100600;2651.600000000;1;9428102004;B
20240118;100601;2651.600000000;1;9428102163;B
20240118;100606;2651.000000000;1;9428102775;B
20240118;100606;2651.000000000;3;9428102814;S
20240118;100607;2650.600000000;47;9428102858;S
20240118;100607;2650.600000000;3;9428102859;S
20240118;100613;2651.400000000;5;9428103405;B
20240118;100613;2651.800000000;2;9428103406;B
20240118;100619;2650.800000000;1;9428104199;S
20240118;100620;2652.000000000;50;9428104346;B
20240118;100622;2651.000000000;2;9428104444;S
20240118;100623;2651.800000000;1;9428104635;B
20240118;100628;2652.000000000;50;9428105027;B
20240118;100628;2652.000000000;10;9428105028;B
20240118;100631;2653.800000000;1;9428105502;B
20240118;100633;2654.600000000;2;9428105702;B
20240118;100633;2653.000000000;38;9428105728;S
20240118;100633;2653.000000000;2;9428105729;S
20240118;100633;2654.600000000;15;9428105758;B
20240118;100634;2654.800000000;2;9428105776;B
20240118;100634;2654.800000000;13;9428105777;B
20240118;100634;2654.800000000;34;9428105804;B
20240118;100634;2654.800000000;15;9428105805;B
20240118;100634;2655.000000000;21;9428105806;B
20240118;100637;2654.600000000;1;9428106226;S
20240118;100639;2654.600000000;2;9428106430;S
20240118;100639;2654.800000000;2;9428106433;B
20240118;100639;2654.800000000;5;9428106434;B
20240118;100640;2654.800000000;4;9428106550;B
20240118;100640;2654.800000000;5;9428106551;B
20240118;100642;2654.800000000;38;9428106678;B
20240118;100642;2654.600000000;2;9428106717;S
20240118;100643;2654.800000000;3;9428106813;B
20240118;100645;2654.800000000;1;9428107091;B
20240118;100648;2654.800000000;50;9428107361;B
20240118;100651;2654.800000000;1;9428107711;B
20240118;100651;2654.800000000;1;9428107777;S
20240118;100652;2655.000000000;2;9428107809;B
20240118;100652;2655.000000000;2;9428107968;B
20240118;100654;2655.000000000;2;9428108141;B
20240118;100654;2655.000000000;10;9428108142;B
20240118;100654;2655.000000000;2;9428108143;B
20240118;100656;2655.000000000;2;9428108398;B
20240118;100656;2655.000000000;1;9428108401;B
20240118;100659;2654.800000000;3;9428108794;S
20240118;100659;2654.800000000;5;9428108795;S
20240118;100659;2654.800000000;2;9428108796;S
20240118;100659;2654.800000000;3;9428108826;S
20240118;100659;2654.600000000;3;9428108827;S
20240118;100659;2654.400000000;1;9428108828;S
20240118;100704;2654.200000000;1;9428109291;S
20240118;100704;2653.800000000;1;9428109292;S
20240118;100704;2653.000000000;40;9428109293;S
20240118;100704;2652.400000000;27;9428109324;S
20240118;100704;2652.400000000;16;9428109325;S
20240118;100705;2652.000000000;1;9428109478;S
20240118;100708;2650.800000000;1;9428109712;S
20240118;100709;2651.000000000;1;9428109814;B
20240118;100709;2650.800000000;2;9428109834;S
20240118;100709;2650.800000000;1;9428109835;S
20240118;100709;2650.800000000;4;9428109836;S
20240118;100709;2650.600000000;3;9428109837;S
20240118;100709;2651.000000000;1;9428109881;B
20240118;100709;2651.000000000;2;9428109882;B
20240118;100709;2651.200000000;4;9428109883;B
20240118;100709;2651.400000000;3;9428109884;B
20240118;100709;2650.600000000;2;9428109929;S
20240118;100709;2650.200000000;4;9428109930;S
20240118;100709;2650.200000000;9;9428109931;S
20240118;100712;2651.000000000;4;9428110227;B
20240118;100715;2650.800000000;1;9428110462;B
20240118;100719;2650.400000000;5;9428110868;B
20240118;100721;2651.400000000;40;9428111198;S
20240118;100721;2651.200000000;10;9428111251;S
20240118;100724;2651.400000000;2;9428111555;S
20240118;100727;2651.400000000;1;9428111865;S
20240118;100730;2651.000000000;2;9428112221;S
20240118;100735;2650.400000000;1;9428112714;S
20240118;100737;2651.000000000;5;9428112860;B
20240118;100738;2650.400000000;15;9428113019;S
20240118;100738;2650.200000000;71;9428113020;S
20240118;100739;2650.400000000;1;9428113058;S
20240118;100751;2650.400000000;2;9428114549;S
20240118;100758;2650.800000000;1;9428115375;B
20240118;100759;2650.800000000;2;9428115453;S
20240118;100805;2651.000000000;93;9428116089;B
20240118;100805;2651.000000000;4;9428116090;B
20240118;100805;2651.000000000;5;9428116091;B
20240118;100808;2651.400000000;25;9428116546;S
20240118;100808;2651.600000000;16;9428116567;S
20240118;100808;2651.400000000;3;9428116568;S
20240118;100808;2651.400000000;2;9428116569;S
20240118;100808;2651.200000000;3;9428116570;S
20240118;100808;2651.200000000;8;9428116571;S
20240118;100808;2651.000000000;10;9428116572;S
20240118;100808;2651.000000000;50;9428116573;S
20240118;100808;2650.800000000;1;9428116574;S
20240118;100808;2650.600000000;40;9428116575;S
20240118;100808;2650.400000000;21;9428116576;S
20240118;100808;2650.200000000;10;9428116577;S
20240118;100808;2650.200000000;2;9428116578;S
20240118;100808;2650.200000000;10;9428116579;S
20240118;100808;2650.200000000;25;9428116580;S
20240118;100808;2650.000000000;39;9428116581;S
20240118;100808;2650.000000000;100;9428116582;S
20240118;100808;2650.000000000;12;9428116583;S
20240118;100808;2650.000000000;3;9428116584;S
20240118;100808;2650.000000000;1;9428116585;S
20240118;100808;2650.000000000;2;9428116586;S
20240118;100808;2650.000000000;1;9428116587;S
20240118;100808;2650.000000000;1;9428116588;S
20240118;100808;2650.000000000;1;9428116589;S
20240118;100808;2650.000000000;30;9428116590;S
20240118;100808;2650.000000000;15;9428116591;S
20240118;100808;2650.000000000;1;9428116592;S
20240118;100808;2650.000000000;2;9428116593;S
20240118;100808;2650.000000000;25;9428116594;S
20240118;100808;2650.000000000;5;9428116595;S
20240118;100808;2650.000000000;20;9428116596;S
20240118;100808;2650.000000000;50;9428116597;S
20240118;100808;2650.000000000;15;9428116598;S
20240118;100808;2649.600000000;2;9428116603;S
20240118;100808;2649.600000000;50;9428116604;S
20240118;100808;2649.800000000;2;9428116605;B
20240118;100808;2649.800000000;18;9428116606;B
20240118;100808;2649.800000000;5;9428116613;B
20240118;100812;2649.600000000;2;9428117010;B
20240118;100814;2649.600000000;2;9428117254;B
20240118;100814;2649.800000000;4;9428117255;B
20240118;100819;2649.800000000;2;9428118001;B
20240118;100826;2649.200000000;1;9428118920;S
20240118;100826;2649.200000000;3;9428118921;S
20240118;100844;2649.600000000;1;9428120779;S
20240118;100852;2649.600000000;1;9428121592;S
20240118;100854;2649.800000000;8;9428121792;S
20240118;100855;2651.200000000;2;9428121945;B
20240118;100855;2651.200000000;1;9428121946;S
20240118;100857;2651.200000000;7;9428122116;S
20240118;100902;2649.600000000;2;9428122671;S
20240118;100902;2649.200000000;2;9428122672;S
20240118;100902;2649.200000000;2;9428122673;S
20240118;100902;2649.200000000;24;9428122674;S
20240118;100906;2649.600000000;6;9428123190;S
20240118;100906;2649.000000000;50;9428123191;S
20240118;100906;2649.000000000;112;9428123192;S
20240118;100906;2649.000000000;80;9428123193;S
20240118;100906;2649.000000000;29;9428123194;S
20240118;100906;2649.000000000;2;9428123195;S
20240118;100906;2648.800000000;40;9428123196;S
20240118;100906;2648.800000000;2;9428123197;S
20240118;100906;2648.200000000;1;9428123198;S
20240118;100906;2648.200000000;11;9428123199;S
20240118;100913;2648.600000000;3;9428124007;B
20240118;100913;2648.800000000;2;9428124008;B
20240118;100913;2649.000000000;5;9428124009;B
20240118;100913;2649.000000000;15;9428124010;B
20240118;100913;2648.400000000;3;9428124015;B
20240118;100913;2648.200000000;2;9428124055;S
20240118;100913;2648.200000000;3;9428124056;S
20240118;100917;2648.000000000;1;9428124362;S
20240118;100917;2649.000000000;50;9428124418;B
20240118;100917;2649.200000000;1;9428124419;B
20240118;100917;2649.200000000;3;9428124420;B
20240118;100917;2649.400000000;46;9428124421;B
20240118;100917;2648.200000000;10;9428124422;S
20240118;100917;2648.000000000;3;9428124433;S
20240118;100923;2648.200000000;1;9428124863;S
20240118;100923;2648.200000000;3;9428124864;S
20240118;100923;2648.000000000;26;9428124865;S
20240118;100923;2649.000000000;1;9428124882;B
20240118;100923;2649.000000000;3;9428124883;B
20240118;100923;2649.000000000;1;9428124893;B
20240118;100924;2648.000000000;36;9428124946;S
20240118;100926;2648.800000000;37;9428125145;B
20240118;100926;2648.000000000;1;9428125193;S
20240118;100927;2648.000000000;2;9428125259;S
20240118;100931;2648.200000000;1;9428125563;S
20240118;100931;2648.200000000;1;9428125564;S
20240118;100932;2649.600000000;1;9428125602;B
20240118;100933;2649.400000000;1;9428125718;B
20240118;100939;2648.800000000;4;9428126183;B
20240118;100939;2649.200000000;1;9428126184;B
20240118;100939;2649.400000000;5;9428126185;B
20240118;100940;2649.400000000;5;9428126298;B
20240118;100956;2649.400000000;3;9428127974;B
20240118;100956;2649.600000000;2;9428127975;B
20240118;100956;2648.800000000;1;9428128000;S
20240118;100956;2648.800000000;5;9428128001;S
20240118;100956;2648.600000000;1;9428128002;S
20240118;100956;2648.400000000;5;9428128003;S
20240118;100956;2648.400000000;3;9428128004;S
20240118;100956;2648.200000000;50;9428128005;S
20240118;100956;2648.000000000;31;9428128006;S
20240118;100956;2648.000000000;10;9428128007;S
20240118;100956;2648.000000000;61;9428128008;S
20240118;100956;2648.000000000;2;9428128009;S
20240118;100956;2648.000000000;2;9428128010;S
20240118;100956;2648.000000000;15;9428128011;S
20240118;100956;2648.000000000;13;9428128012;S
20240118;100956;2648.000000000;1;9428128013;S
20240118;100956;2648.000000000;50;9428128014;S
20240118;100956;2647.800000000;1;9428128040;B
20240118;100957;2647.800000000;1;9428128060;B
20240118;100957;2647.600000000;2;9428128084;S
20240118;100957;2647.200000000;1;9428128085;S
20240118;100957;2647.200000000;1;9428128086;S
20240118;100957;2646.600000000;89;9428128087;S
20240118;100957;2646.400000000;1;9428128095;S
20240118;100957;2646.400000000;3;9428128096;S
20240118;101001;2647.400000000;4;9428128530;B
20240118;101001;2647.800000000;3;9428128531;B
20240118;101001;2647.800000000;12;9428128532;B
20240118;101003;2647.400000000;1;9428128703;B
20240118;101008;2647.600000000;2;9428129205;B
20240118;101011;2647.800000000;2;9428129387;B
20240118;101011;2647.600000000;1;9428129397;S
20240118;101011;2647.600000000;3;9428129398;S
20240118;101011;2647.400000000;11;9428129399;S
20240118;101018;2647.600000000;1;9428130194;S
20240118;101018;2647.400000000;39;9428130195;S
20240118;101018;2647.400000000;1;9428130196;S
20240118;101018;2647.400000000;3;9428130197;S
20240118;101025;2647.400000000;110;9428130855;B
20240118;101029;2647.400000000;20;9428131240;B
20240118;101032;2647.400000000;2;9428131521;B
20240118;101033;2647.400000000;10;9428131714;B
20240118;101035;2647.200000000;1;9428132045;S
20240118;101040;2647.200000000;1;9428132714;B
20240118;101040;2647.400000000;1;9428132715;B
20240118;101043;2647.400000000;5;9428133104;B
20240118;101043;2647.400000000;7;9428133139;B
20240118;101043;2647.400000000;3;9428133140;B
20240118;101044;2647.200000000;1;9428133253;S
20240118;101044;2647.200000000;1;9428133254;S
20240118;101050;2647.400000000;3;9428133823;B
20240118;101052;2647.000000000;1;9428134088;S
20240118;101052;2647.000000000;30;9428134089;S
20240118;101052;2647.000000000;1;9428134090;S
20240118;101052;2647.000000000;3;9428134091;S
20240118;101052;2647.000000000;1;9428134092;S
20240118;101052;2646.800000000;1;9428134093;S
20240118;101052;2646.600000000;13;9428134094;S
20240118;101054;2647.400000000;1;9428134309;B
20240118;101055;2647.400000000;10;9428134333;B
20240118;101055;2647.200000000;19;9428134383;S
20240118;101055;2647.200000000;11;9428134429;S
20240118;101056;2647.200000000;3;9428134486;S
20240118;101056;2647.200000000;4;9428134487;S
20240118;101101;2647.200000000;3;9428135070;S
20240118;101101;2647.200000000;26;9428135071;S
20240118;101102;2647.200000000;1;9428135201;S
20240118;101103;2647.200000000;20;9428135242;S
20240118;101104;2647.400000000;3;9428135422;B
20240118;101104;2647.400000000;1;9428135423;B
20240118;101105;2647.200000000;3;9428135463;S
20240118;101105;2647.400000000;24;9428135538;B
20240118;101105;2647.400000000;29;9428135539;B
20240118;101108;2648.000000000;150;9428135856;B
20240118;101109;2648.000000000;20;9428135968;B
20240118;101109;2647.800000000;20;9428136011;S
20240118;101111;2647.800000000;6;9428136227;S
20240118;101111;2647.800000000;1;9428136248;S
20240118;101112;2647.800000000;3;9428136342;S
20240118;101113;2648.000000000;5;9428136402;B
20240118;101114;2647.800000000;1;9428136542;S
20240118;101114;2647.800000000;3;9428136543;S
20240118;101114;2647.800000000;1;9428136544;S
20240118;101114;2647.800000000;14;9428136545;S
20240118;101115;2647.800000000;9;9428136603;S
20240118;101117;2648.000000000;4;9428136715;B
20240118;101121;2647.800000000;27;9428137189;S
20240118;101121;2647.800000000;1;9428137190;S
20240118;101121;2647.800000000;22;9428137191;S
20240118;101123;2647.800000000;18;9428137337;S
20240118;101123;2647.800000000;10;9428137338;S
20240118;101123;2647.600000000;3;9428137339;S
20240118;101123;2647.600000000;38;9428137340;S
20240118;101123;2647.400000000;1;9428137341;S
20240118;101123;2647.400000000;100;9428137342;S
20240118;101123;2647.400000000;2;9428137343;S
20240118;101123;2647.400000000;1;9428137344;S
20240118;101123;2647.200000000;50;9428137345;S
20240118;101123;2647.200000000;1;9428137346;S
20240118;101123;2647.200000000;50;9428137347;S
20240118;101123;2647.000000000;530;9428137348;S
20240118;101123;2647.000000000;3;9428137349;S
20240118;101123;2647.000000000;47;9428137350;S
20240118;101123;2647.000000000;40;9428137351;B
20240118;101124;2646.800000000;2;9428137463;S
20240118;101129;2647.000000000;1;9428138080;B
20240118;101130;2646.800000000;8;9428138119;S
20240118;101130;2646.600000000;3;9428138120;S
20240118;101130;2646.400000000;10;9428138121;S
20240118;101130;2646.400000000;17;9428138122;S
20240118;101132;2646.200000000;7;9428138416;S
20240118;101134;2646.200000000;1;9428138615;S
20240118;101137;2647.000000000;3;9428138846;B
20240118;101137;2647.000000000;1;9428138847;B
20240118;101137;2647.000000000;21;9428138848;B
20240118;101138;2646.400000000;1;9428138934;S
20240118;101145;2648.000000000;1;9428139776;B
20240118;101145;2648.400000000;1;9428139777;B
20240118;101145;2647.600000000;20;9428139826;S
20240118;101156;2648.800000000;7;9428140824;B
20240118;101200;2648.000000000;1;9428141428;B
20240118;101214;2647.400000000;1;9428143557;S
20240118;101216;2647.000000000;1;9428143735;S
20240118;101216;2646.600000000;1;9428143736;S
20240118;101219;2646.200000000;1;9428143944;S
20240118;101221;2646.400000000;1;9428144054;S
20240118;101221;2646.200000000;5;9428144055;S
20240118;101221;2646.200000000;1;9428144056;S
20240118;101221;2646.200000000;1;9428144057;S
20240118;101221;2646.200000000;8;9428144058;S
20240118;101221;2646.200000000;40;9428144059;S
20240118;101221;2646.200000000;1;9428144060;S
20240118;101221;2646.200000000;2;9428144061;S
20240118;101221;2646.200000000;1;9428144062;S
20240118;101221;2646.200000000;5;9428144063;S
20240118;101221;2646.000000000;387;9428144064;S
20240118;101221;2646.000000000;20;9428144065;S
20240118;101221;2646.000000000;100;9428144066;S
20240118;101221;2646.000000000;1;9428144067;S
20240118;101221;2646.000000000;30;9428144068;S
20240118;101221;2646.000000000;30;9428144069;S
20240118;101221;2646.000000000;1;9428144070;S
20240118;101255;2645.800000000;9;9428147689;B
20240118;101255;2645.800000000;1;9428147760;B
20240118;101256;2646.000000000;1;9428147799;B
20240118;101257;2646.000000000;5;9428147942;S
20240118;101257;2646.000000000;1;9428147943;S
20240118;101301;2645.800000000;3;9428148290;B
20240118;101307;2645.800000000;1;9428148949;B
20240118;101308;2646.200000000;4;9428149034;B
20240118;101308;2646.800000000;2;9428149035;B
20240118;101308;2647.000000000;6;9428149036;B
20240118;101308;2646.400000000;50;9428149058;S
20240118;101308;2646.200000000;2;9428149059;S
20240118;101308;2646.000000000;50;9428149060;S
20240118;101308;2645.600000000;1;9428149061;S
20240118;101308;2645.600000000;10;9428149062;S
20240118;101308;2645.600000000;38;9428149063;S
20240118;101308;2645.600000000;100;9428149064;S
20240118;101308;2645.400000000;40;9428149065;S
20240118;101308;2645.400000000;50;9428149066;S
20240118;101308;2645.200000000;1;9428149067;S
20240118;101308;2645.200000000;1;9428149068;S
20240118;101308;2645.200000000;5;9428149069;S
20240118;101308;2645.200000000;27;9428149070;S
20240118;101310;2647.000000000;37;9428149215;B
20240118;101310;2646.000000000;2;9428149279;S
20240118;101312;2647.200000000;50;9428149416;B
20240118;101314;2646.600000000;5;9428149770;S
20240118;101314;2646.600000000;1;9428149771;S
20240118;101314;2646.400000000;36;9428149772;S
20240118;101314;2647.200000000;3;9428149799;B
20240118;101319;2647.200000000;2;9428150417;B
20240118;101320;2647.400000000;1;9428150526;B
20240118;101322;2646.400000000;25;9428150713;S
20240118;101324;2647.200000000;1;9428150852;B
20240118;101330;2645.800000000;1;9428151437;S
20240118;101330;2645.400000000;5;9428151438;S
20240118;101330;2645.400000000;38;9428151439;S
20240118;101330;2645.400000000;5;9428151440;B
20240118;101330;2645.400000000;21;9428151441;B
20240118;101346;2646.400000000;5;9428153139;B
20240118;101347;2645.600000000;1;9428153320;S
20240118;101347;2645.400000000;9;9428153321;S
20240118;101349;2646.400000000;1;9428153511;B
20240118;101352;2645.400000000;29;9428153710;S
20240118;101352;2645.400000000;50;9428153711;S
20240118;101352;2645.400000000;3;9428153712;S
20240118;101354;2645.200000000;1;9428153939;S
20240118;101354;2645.400000000;3;9428153985;B
20240118;101354;2645.200000000;2;9428154002;S
20240118;101354;2645.200000000;10;9428154003;S
20240118;101354;2645.200000000;10;9428154004;S
20240118;101354;2645.200000000;13;9428154005;S
20240118;101355;2645.400000000;2;9428154048;B
20240118;101357;2645.200000000;1;9428154296;S
20240118;101357;2645.400000000;100;9428154399;B
20240118;101359;2645.400000000;20;9428154662;B
20240118;101401;2645.200000000;2;9428155017;S
20240118;101401;2645.200000000;1;9428155018;S
20240118;101401;2645.200000000;4;9428155019;S
20240118;101401;2645.200000000;16;9428155020;S
20240118;101403;2645.200000000;16;9428155213;S
20240118;101403;2645.200000000;2;9428155243;S
20240118;101408;2645.200000000;1;9428155719;S
20240118;101413;2645.400000000;1;9428156317;B
20240118;101414;2645.400000000;1;9428156424;B
20240118;101414;2645.400000000;5;9428156439;B
20240118;101416;2645.400000000;5;9428156811;B
20240118;101418;2645.200000000;1;9428157027;S
20240118;101418;2645.200000000;3;9428157028;S
20240118;101418;2645.200000000;35;9428157064;S
20240118;101419;2645.000000000;1;9428157182;S
20240118;101420;2645.000000000;1;9428157268;S
20240118;101420;2645.000000000;4;9428157270;S
20240118;101420;2645.000000000;1;9428157288;S
20240118;101425;2645.200000000;1;9428157853;B
20240118;101426;2645.200000000;3;9428157986;B
20240118;101427;2645.000000000;3;9428158028;S
20240118;101427;2645.000000000;1;9428158029;S
20240118;101427;2645.000000000;1;9428158030;S
20240118;101427;2645.200000000;4;9428158117;B
20240118;101432;2645.000000000;1;9428158763;S
20240118;101432;2645.000000000;4;9428158764;S
20240118;101433;2645.200000000;2;9428158827;B
20240118;101433;2645.200000000;3;9428158828;B
20240118;101434;2645.000000000;1;9428158900;S
20240118;101434;2645.000000000;1;9428158901;S
20240118;101434;2645.000000000;4;9428158984;S
20240118;101434;2645.000000000;8;9428158985;S
20240118;101434;2645.000000000;4;9428158986;S
20240118;101434;2645.000000000;81;9428158987;S
20240118;101434;2645.200000000;88;9428158998;B
20240118;101434;2645.200000000;4;9428158999;B
20240118;101434;2645.200000000;27;9428159000;B
20240118;101437;2645.200000000;3;9428159500;B
20240118;101437;2645.400000000;1;9428159524;B
20240118;101443;2645.400000000;1;9428160194;B
20240118;101444;2645.000000000;69;9428160315;S
20240118;101444;2645.000000000;1;9428160316;S
20240118;101444;2645.000000000;2;9428160317;S
20240118;101444;2645.000000000;2;9428160318;S
20240118;101444;2645.000000000;3;9428160319;S
20240118;101444;2645.000000000;5;9428160320;S
20240118;101444;2645.000000000;1;9428160321;S
20240118;101444;2645.000000000;2;9428160322;S
20240118;101444;2645.000000000;169;9428160323;S
20240118;101444;2645.000000000;4;9428160324;S
20240118;101444;2645.000000000;224;9428160325;S
20240118;101444;2645.000000000;1;9428160326;S
20240118;101444;2645.000000000;50;9428160327;S
20240118;101444;2645.000000000;11;9428160328;S
20240118;101444;2645.000000000;3;9428160329;S
20240118;101444;2645.000000000;1;9428160330;S
20240118;101444;2645.000000000;2;9428160331;S
20240118;101444;2645.000000000;2;9428160332;S
20240118;101444;2645.000000000;1;9428160333;S
20240118;101444;2645.000000000;259;9428160334;S
20240118;101444;2645.000000000;40;9428160335;S
20240118;101444;2644.800000000;10;9428160337;S
20240118;101444;2644.800000000;3;9428160338;S
20240118;101444;2644.600000000;10;9428160339;S
20240118;101444;2644.600000000;10;9428160340;S
20240118;101444;2644.600000000;16;9428160341;S
20240118;101444;2644.600000000;10;9428160342;S
20240118;101444;2644.600000000;10;9428160343;S
20240118;101444;2644.600000000;61;9428160344;S
20240118;101448;2644.600000000;2;9428160889;B
20240118;101448;2644.800000000;50;9428160890;B
20240118;101448;2644.800000000;3;9428160891;B
20240118;101448;2644.800000000;47;9428160892;B
20240118;101448;2645.000000000;148;9428160893;B
20240118;101448;2645.400000000;250;9428160894;B
20240118;101452;2645.400000000;1;9428161236;B
20240118;101456;2644.800000000;6;9428161603;S
20240118;101505;2645.000000000;1;9428163276;S
20240118;101507;2645.000000000;1;9428163657;S
20240118;101507;2644.800000000;10;9428163789;S
20240118;101507;2644.800000000;10;9428163790;S
20240118;101507;2644.800000000;1;9428163791;S
20240118;101507;2644.800000000;3;9428163854;B
20240118;101508;2644.800000000;1;9428163868;B
20240118;101508;2644.800000000;1;9428163920;B
20240118;101508;2644.800000000;10;9428163968;B
20240118;101509;2644.800000000;1;9428164113;B
20240118;101509;2644.800000000;1;9428164180;B
20240118;101509;2644.800000000;1;9428164235;B
20240118;101511;2644.600000000;1;9428164514;S
20240118;101513;2644.800000000;1;9428164964;B
20240118;101513;2644.800000000;19;9428165186;B
20240118;101514;2644.800000000;19;9428165285;B
20240118;101514;2644.600000000;1;9428165384;S
20240118;101514;2644.400000000;10;9428165385;S
20240118;101514;2644.200000000;1;9428165386;S
20240118;101514;2644.200000000;3;9428165387;S
20240118;101514;2644.200000000;32;9428165388;S
20240118;101514;2644.000000000;3;9428165389;S
20240118;101516;2644.800000000;1;9428165804;B
20240118;101518;2644.800000000;3;9428166140;B
20240118;101519;2644.800000000;1;9428166219;B
20240118;101520;2644.800000000;1;9428166640;B
20240118;101526;2644.000000000;10;9428167749;S
20240118;101532;2644.000000000;36;9428168928;S
20240118;101535;2644.800000000;1;9428169495;B
20240118;101537;2644.800000000;1;9428169774;B
20240118;101540;2644.800000000;4;9428170295;B
20240118;101540;2644.800000000;2;9428170383;B
20240118;101541;2644.600000000;1;9428170516;S
20240118;101541;2644.800000000;3;9428170564;B
20240118;101541;2644.600000000;1;9428170594;S
20240118;101541;2644.600000000;10;9428170595;S
20240118;101542;2644.400000000;1;9428170659;S
20240118;101542;2644.400000000;2;9428170693;S
20240118;101542;2644.400000000;3;9428170711;S
20240118;101549;2644.800000000;1;9428171837;B
20240118;101554;2644.400000000;1;9428172845;S
20240118;101600;2644.800000000;2;9428173870;B
20240118;101602;2644.800000000;2;9428174205;B
20240118;101603;2644.800000000;4;9428174322;B
20240118;101603;2644.800000000;1;9428174333;B
20240118;101603;2644.800000000;1;9428174356;B
20240118;101603;2644.800000000;4;9428174357;B
20240118;101603;2644.600000000;1;9428174426;S
20240118;101604;2644.800000000;1;9428174585;B
20240118;101604;2644.600000000;1;9428174600;S
20240118;101604;2644.800000000;6;9428174654;B
20240118;101604;2644.800000000;1;9428174659;B
20240118;101604;2644.800000000;8;9428174667;B
20240118;101605;2644.800000000;1;9428174721;S
20240118;101605;2645.000000000;2;9428174767;B
20240118;101605;2645.000000000;1;9428174772;B
20240118;101605;2645.000000000;1;9428174787;B
20240118;101606;2644.800000000;1;9428174823;S
20240118;101606;2644.800000000;24;9428174824;S
20240118;101606;2645.000000000;5;9428174871;B
20240118;101606;2645.000000000;5;9428174894;B
20240118;101606;2645.000000000;50;9428174905;B
20240118;101606;2645.000000000;5;9428174919;B
20240118;101606;2645.000000000;5;9428174956;B
20240118;101607;2644.800000000;1;9428175027;S
20240118;101607;2645.000000000;5;9428175051;B
20240118;101607;2645.000000000;50;9428175053;B
20240118;101607;2645.000000000;3;9428175095;B
20240118;101608;2645.000000000;1;9428175182;B
20240118;101608;2644.800000000;49;9428175223;S
20240118;101608;2644.800000000;1;9428175224;S
20240118;101608;2644.800000000;1;9428175253;S
20240118;101608;2645.000000000;7;9428175290;B
20240118;101608;2645.000000000;9;9428175291;B
20240118;101608;2645.000000000;5;9428175294;B
20240118;101608;2645.000000000;5;9428175335;B
20240118;101608;2645.000000000;5;9428175374;B
20240118;101608;2645.000000000;30;9428175376;B
20240118;101609;2645.000000000;5;9428175404;B
20240118;101609;2645.000000000;500;9428175569;B
20240118;101609;2645.000000000;124;9428175570;B
20240118;101609;2645.000000000;176;9428175571;B
20240118;101609;2645.400000000;185;9428175572;B
20240118;101609;2645.400000000;343;9428175573;B
20240118;101609;2645.400000000;10;9428175574;B
20240118;101609;2646.400000000;20;9428175580;B
20240118;101609;2646.600000000;24;9428175581;B
20240118;101609;2646.600000000;153;9428175582;B
20240118;101609;2646.600000000;37;9428175583;B
20240118;101609;2647.200000000;10;9428175584;B
20240118;101610;2647.000000000;35;9428175586;S
20240118;101610;2647.400000000;3;9428175672;B
20240118;101610;2647.600000000;3;9428175673;B
20240118;101610;2647.800000000;1;9428175674;B
20240118;101610;2647.800000000;10;9428175675;B
20240118;101610;2648.000000000;29;9428175676;B
20240118;101610;2648.000000000;1;9428175677;B
20240118;101610;2648.000000000;1;9428175678;B
20240118;101610;2648.000000000;10;9428175679;B
20240118;101610;2648.000000000;4;9428175680;B
20240118;101610;2648.000000000;70;9428175681;B
20240118;101610;2648.200000000;10;9428175682;B
20240118;101610;2648.200000000;10;9428175683;B
20240118;101610;2648.200000000;13;9428175684;B
20240118;101610;2648.200000000;1;9428175685;B
20240118;101610;2648.200000000;2;9428175686;B
20240118;101610;2648.400000000;1;9428175687;B
20240118;101610;2648.400000000;31;9428175688;B
20240118;101611;2648.600000000;1;9428175734;B
20240118;101612;2647.800000000;1;9428175887;S
20240118;101612;2648.400000000;5;9428176037;B
20240118;101618;2648.400000000;2;9428177109;B
20240118;101618;2648.400000000;2;9428177110;B
20240118;101618;2648.600000000;1;9428177111;B
20240118;101620;2648.400000000;1;9428177495;S
20240118;101620;2648.600000000;5;9428177570;B
20240118;101621;2648.000000000;5;9428177763;S
20240118;101621;2648.000000000;17;9428177764;B
20240118;101624;2648.400000000;1;9428178212;B
20240118;101625;2647.800000000;3;9428178436;S
20240118;101625;2647.800000000;2;9428178437;S
20240118;101625;2647.400000000;10;9428178438;S
20240118;101634;2647.200000000;5;9428180106;S
20240118;101634;2648.000000000;5;9428180155;B
20240118;101637;2647.200000000;19;9428180753;S
20240118;101637;2646.800000000;38;9428180754;S
20240118;101637;2646.600000000;5;9428180755;S
20240118;101637;2646.600000000;100;9428180756;S
20240118;101637;2646.000000000;40;9428180757;S
20240118;101637;2646.000000000;47;9428180758;S
20240118;101637;2645.600000000;50;9428180759;S
20240118;101637;2645.600000000;20;9428180760;S
20240118;101637;2645.400000000;10;9428180761;S
20240118;101637;2645.200000000;1;9428180762;S
20240118;101637;2645.200000000;50;9428180763;S
20240118;101637;2645.200000000;50;9428180764;S
20240118;101637;2645.200000000;50;9428180765;S
20240118;101637;2645.000000000;520;9428180766;S
20240118;101638;2647.200000000;1;9428180988;B
20240118;101646;2646.200000000;1;9428182363;B
20240118;101646;2646.200000000;2;9428182395;B
20240118;101647;2646.200000000;4;9428182428;B
20240118;101653;2645.200000000;1;9428183335;S
20240118;101653;2645.200000000;2;9428183336;S
20240118;101653;2645.200000000;18;9428183337;S
20240118;101653;2645.200000000;1;9428183338;S
20240118;101653;2645.000000000;36;9428183339;S
20240118;101653;2645.000000000;76;9428183340;S
20240118;101653;2645.000000000;6;9428183341;S
20240118;101653;2644.800000000;10;9428183342;S
20240118;101653;2644.800000000;10;9428183343;S
20240118;101653;2644.800000000;10;9428183344;S
20240118;101653;2644.800000000;4;9428183345;S
20240118;101653;2644.600000000;10;9428183346;S
20240118;101653;2644.600000000;2;9428183347;S
20240118;101653;2644.600000000;47;9428183348;S
20240118;101653;2644.400000000;10;9428183349;S
20240118;101653;2644.400000000;1;9428183350;S
20240118;101653;2644.400000000;19;9428183351;S
20240118;101653;2644.200000000;1;9428183352;S
20240118;101653;2644.200000000;24;9428183353;S
20240118;101653;2644.000000000;5;9428183365;S
20240118;101653;2644.000000000;4;9428183368;S
20240118;101655;2645.600000000;5;9428183609;B
20240118;101656;2644.200000000;1;9428183819;S
20240118;101656;2644.000000000;42;9428183820;S
20240118;101656;2644.000000000;20;9428183821;S
20240118;101656;2644.000000000;10;9428183822;S
20240118;101656;2644.000000000;1;9428183823;S
20240118;101656;2644.000000000;50;9428183824;S
20240118;101656;2644.000000000;3;9428183825;S
20240118;101656;2644.000000000;50;9428183826;S
20240118;101656;2644.000000000;2;9428183827;S
20240118;101656;2643.800000000;10;9428183828;S
20240118;101656;2643.800000000;10;9428183829;S
20240118;101656;2643.800000000;10;9428183830;S
20240118;101656;2643.800000000;10;9428183831;S
20240118;101656;2643.800000000;10;9428183832;S
20240118;101656;2643.800000000;16;9428183833;S
20240118;101656;2643.800000000;16;9428183834;S
20240118;101656;2643.800000000;16;9428183835;S
20240118;101656;2643.800000000;16;9428183836;S
20240118;101656;2643.800000000;47;9428183837;S
20240118;101656;2643.400000000;5;9428183838;S
20240118;101656;2643.400000000;2;9428183839;S
20240118;101656;2643.400000000;5;9428183840;S
20240118;101656;2643.400000000;40;9428183841;S
20240118;101656;2643.200000000;70;9428183842;S
20240118;101656;2643.200000000;38;9428183843;B
20240118;101700;2645.000000000;1;9428184582;B
20240118;101700;2645.000000000;4;9428184583;B
20240118;101702;2644.800000000;1;9428184807;B
20240118;101702;2645.000000000;23;9428184808;B
20240118;101702;2644.200000000;3;9428184822;S
20240118;101705;2645.000000000;20;9428185373;B
20240118;101707;2644.000000000;2;9428185507;S
20240118;101708;2644.400000000;1;9428185662;B
20240118;101710;2644.000000000;76;9428185818;S
20240118;101710;2644.400000000;1;9428185906;B
20240118;101710;2644.600000000;1;9428185907;B
20240118;101712;2644.600000000;17;9428186196;B
20240118;101712;2644.800000000;38;9428186197;B
20240118;101712;2644.800000000;50;9428186198;B
20240118;101712;2644.800000000;2;9428186199;B
20240118;101712;2645.000000000;200;9428186200;B
20240118;101712;2645.400000000;40;9428186201;B
20240118;101712;2645.800000000;40;9428186202;B
20240118;101712;2645.800000000;1;9428186203;B
20240118;101712;2645.800000000;47;9428186204;B
20240118;101712;2645.800000000;20;9428186205;B
20240118;101712;2646.200000000;18;9428186206;B
20240118;101712;2646.200000000;50;9428186207;B
20240118;101712;2646.200000000;98;9428186208;B
20240118;101716;2645.600000000;2;9428186850;B
20240118;101716;2646.000000000;2;9428186851;B
20240118;101716;2646.200000000;15;9428186852;B
20240118;101717;2646.000000000;3;9428186922;B
20240118;101722;2646.000000000;1;9428187845;B
20240118;101724;2646.400000000;2;9428187992;B
20240118;101747;2646.800000000;2;9428190814;B
20240118;101747;2646.800000000;18;9428190815;S
20240118;101748;2646.800000000;1;9428190918;S
20240118;101749;2646.600000000;20;9428190938;B
20240118;101749;2646.800000000;1;9428190955;B
20240118;101749;2647.000000000;2;9428190956;B
20240118;101749;2647.000000000;100;9428190957;B
20240118;101749;2647.200000000;1;9428190958;B
20240118;101749;2647.200000000;50;9428190959;B
20240118;101749;2647.400000000;18;9428190960;B
20240118;101749;2647.400000000;40;9428190961;B
20240118;101749;2647.600000000;500;9428190962;B
20240118;101749;2647.800000000;50;9428190963;B
20240118;101749;2648.000000000;47;9428190964;B
20240118;101749;2648.000000000;91;9428190965;S
20240118;101749;2648.000000000;91;9428190966;S
20240118;101749;2648.000000000;91;9428190967;S
20240118;101749;2648.000000000;91;9428190968;S
20240118;101749;2648.000000000;31;9428190969;S
20240118;101749;2648.000000000;91;9428190970;S
20240118;101749;2648.000000000;77;9428190971;S
20240118;101749;2648.200000000;25;9428190986;B
20240118;101758;2648.000000000;1;9428192022;S
20240118;101801;2648.600000000;2;9428192352;B
20240118;101802;2648.600000000;15;9428192446;B
20240118;101804;2648.000000000;300;9428192648;S
20240118;101804;2648.000000000;10;9428192649;S
20240118;101804;2648.000000000;6;9428192692;S
20240118;101806;2648.200000000;1;9428192790;B
20240118;101806;2648.000000000;11;9428192792;S
20240118;101806;2648.000000000;2;9428192793;S
20240118;101806;2648.200000000;1;9428192840;B
20240118;101807;2648.200000000;5;9428192954;B
20240118;101807;2648.400000000;38;9428192999;S
20240118;101810;2648.000000000;1099;9428193212;S
20240118;101811;2648.200000000;5;9428193338;S
20240118;101811;2648.400000000;1;9428193354;B
20240118;101811;2648.600000000;11;9428193355;B
20240118;101812;2648.600000000;10;9428193463;B
20240118;101816;2648.400000000;2;9428193866;B
20240118;101816;2648.400000000;1;9428193867;B
20240118;101822;2648.200000000;2;9428194487;S
20240118;101844;2648.000000000;6;9428196698;S
20240118;101849;2648.200000000;1;9428197242;B
20240118;101856;2648.000000000;1;9428198020;S
20240118;101900;2648.400000000;1;9428198449;B
20240118;101900;2648.600000000;3;9428198450;B
20240118;101906;2648.400000000;1;9428198934;B
20240118;101906;2648.600000000;1;9428198935;B
20240118;101906;2648.000000000;3;9428198970;S
20240118;101907;2648.000000000;106;9428199015;S
20240118;101907;2648.000000000;4;9428199016;S
20240118;101911;2648.000000000;20;9428199340;S
20240118;101913;2648.200000000;15;9428199669;S
20240118;101914;2648.400000000;1;9428199787;B
20240118;101914;2648.200000000;15;9428199788;S
20240118;101914;2648.200000000;5;9428199789;S
20240118;101921;2648.400000000;2;9428200833;B
20240118;101921;2648.400000000;1;9428200834;B
20240118;101921;2648.600000000;1;9428200835;B
20240118;101921;2648.600000000;1;9428200836;B
20240118;101921;2648.600000000;10;9428200837;B
20240118;101921;2648.600000000;10;9428200838;B
20240118;101921;2648.600000000;10;9428200839;B
20240118;101921;2648.600000000;16;9428200840;B
20240118;101921;2648.600000000;10;9428200841;B
20240118;101921;2648.800000000;1;9428200842;B
20240118;101921;2648.800000000;1;9428200843;B
20240118;101921;2648.800000000;50;9428200844;B
20240118;101921;2649.000000000;40;9428200845;B
20240118;101921;2649.000000000;47;9428200846;B
20240118;101921;2649.200000000;50;9428200847;B
20240118;101921;2649.600000000;38;9428200848;B
20240118;101921;2649.600000000;12;9428200849;B
20240118;101921;2649.600000000;38;9428200854;B
20240118;101921;2649.600000000;2;9428200855;B
20240118;101929;2649.200000000;1;9428202059;B
20240118;101934;2649.000000000;1;9428202765;B
20240118;101934;2649.000000000;1;9428202766;B
20240118;101936;2649.000000000;2;9428202891;B
20240118;101938;2648.600000000;4;9428203187;S
20240118;101941;2649.000000000;2;9428203727;B
20240118;101941;2649.200000000;1;9428203728;B
20240118;101945;2649.400000000;5;9428204258;B
20240118;101945;2649.400000000;5;9428204259;B
20240118;101945;2649.400000000;13;9428204273;B
20240118;101946;2649.200000000;1;9428204317;S
20240118;101947;2649.400000000;1;9428204464;B
20240118;101947;2649.400000000;36;9428204465;B
20240118;101947;2649.200000000;11;9428204491;S
20240118;101947;2649.200000000;2;9428204492;S
20240118;101947;2649.200000000;2;9428204493;S
20240118;101947;2649.200000000;2;9428204494;S
20240118;101947;2649.000000000;1;9428204495;S
20240118;101947;2648.600000000;4;9428204496;S
20240118;101947;2648.600000000;1;9428204497;S
20240118;101947;2649.800000000;2;9428204534;B
20240118;101953;2649.800000000;1;9428205327;B
20240118;101955;2649.200000000;38;9428205477;S
20240118;101955;2649.000000000;150;9428205478;S
20240118;101955;2649.000000000;1;9428205479;S
20240118;101955;2648.600000000;19;9428205480;S
20240118;101955;2648.400000000;18;9428205481;S
20240118;101955;2648.200000000;15;9428205482;S
20240118;101955;2648.200000000;150;9428205483;S
20240118;101955;2648.000000000;63;9428205484;S
20240118;101955;2648.000000000;38;9428205485;S
20240118;101955;2648.000000000;2;9428205486;S
20240118;101955;2647.800000000;40;9428205487;S
20240118;101955;2646.800000000;20;9428205488;S
20240118;101955;2646.800000000;50;9428205489;S
20240118;101955;2646.600000000;2;9428205490;S
20240118;101955;2646.600000000;100;9428205491;S
20240118;101955;2646.400000000;16;9428205492;S
20240118;101955;2646.400000000;47;9428205493;S
20240118;101955;2646.200000000;40;9428205494;S
20240118;101955;2646.200000000;50;9428205495;S
20240118;101955;2645.800000000;12;9428205496;S
20240118;101955;2645.800000000;30;9428205497;S
20240118;101955;2645.800000000;50;9428205498;S
20240118;101955;2645.600000000;5;9428205499;S
20240118;101955;2645.000000000;50;9428205500;S
20240118;101955;2645.000000000;50;9428205501;S
20240118;101955;2645.000000000;44;9428205502;S
20240118;101955;2645.600000000;38;9428205521;S
20240118;101955;2645.400000000;12;9428205522;S
20240118;102003;2647.200000000;1;9428206377;B
20240118;102003;2646.600000000;2;9428206380;S
20240118;102003;2646.400000000;2;9428206381;S
20240118;102003;2646.200000000;3;9428206382;S
20240118;102003;2645.600000000;2;9428206383;S
20240118;102003;2645.600000000;10;9428206384;S
20240118;102006;2646.000000000;2;9428206641;B
20240118;102009;2646.600000000;1;9428207005;B
20240118;102011;2646.600000000;1;9428207201;B
20240118;102011;2646.600000000;3;9428207250;B
20240118;102012;2645.400000000;1;9428207255;S
20240118;102021;2645.600000000;1;9428208245;S
20240118;102023;2646.000000000;1;9428208477;B
20240118;102023;2646.400000000;1;9428208478;B
20240118;102024;2645.600000000;1;9428208675;S
20240118;102024;2645.400000000;2;9428208676;S
20240118;102024;2645.400000000;1;9428208677;S
20240118;102024;2645.400000000;2;9428208678;S
20240118;102024;2645.400000000;38;9428208679;S
20240118;102024;2645.200000000;5;9428208680;S
20240118;102024;2645.200000000;100;9428208681;S
20240118;102024;2645.000000000;11;9428208682;S
20240118;102028;2646.600000000;1;9428209041;B
20240118;102028;2646.600000000;7;9428209042;B
20240118;102036;2646.400000000;2;9428210162;B
20240118;102038;2645.600000000;1;9428210433;S
20240118;102038;2645.600000000;1;9428210434;S
20240118;102042;2646.400000000;1;9428210974;B
20240118;102045;2646.600000000;1;9428211223;B
20240118;102045;2646.400000000;1;9428211270;S
20240118;102045;2645.800000000;2;9428211271;S
20240118;102045;2645.800000000;15;9428211272;S
20240118;102047;2647.200000000;18;9428211645;B
20240118;102049;2646.400000000;1;9428211884;S
20240118;102053;2646.400000000;2;9428212389;S
20240118;102053;2646.400000000;3;9428212390;S
20240118;102053;2646.400000000;2;9428212391;S
20240118;102054;2646.000000000;50;9428212502;S
20240118;102100;2647.000000000;2;9428213422;B
20240118;102100;2647.000000000;3;9428213423;B
20240118;102100;2647.200000000;5;9428213424;B
20240118;102103;2646.600000000;1;9428213802;S
20240118;102103;2646.200000000;2;9428213803;S
20240118;102103;2646.200000000;18;9428213804;S
20240118;102103;2646.000000000;30;9428213805;S
20240118;102103;2645.800000000;50;9428213806;S
20240118;102103;2645.600000000;1;9428213807;S
20240118;102103;2645.600000000;1;9428213808;S
20240118;102103;2645.600000000;1;9428213809;S
20240118;102103;2645.600000000;4;9428213810;S
20240118;102103;2645.600000000;1;9428213811;S
20240118;102103;2645.600000000;41;9428213812;S
20240118;102106;2646.600000000;2;9428214083;B
20240118;102107;2646.600000000;3;9428214198;B
20240118;102114;2646.800000000;40;9428215015;B
20240118;102115;2647.000000000;1;9428215144;B
20240118;102116;2646.600000000;18;9428215368;B
20240118;102116;2647.000000000;2;9428215369;B
20240118;102116;2647.000000000;28;9428215370;B
20240118;102124;2647.800000000;4;9428216215;B
20240118;102126;2647.800000000;1;9428216412;B
20240118;102127;2648.000000000;1;9428216558;B
20240118;102131;2648.000000000;1;9428217108;B
20240118;102131;2647.600000000;2;9428217118;S
20240118;102131;2647.400000000;30;9428217119;S
20240118;102131;2647.000000000;51;9428217120;S
20240118;102131;2646.600000000;1;9428217121;S
20240118;102131;2646.200000000;38;9428217122;S
20240118;102131;2646.000000000;18;9428217123;S
20240118;102131;2646.000000000;100;9428217124;S
20240118;102131;2645.800000000;60;9428217125;S
20240118;102136;2647.400000000;1;9428217610;B
20240118;102137;2647.400000000;1;9428217729;B
20240118;102143;2647.000000000;1;9428218260;B
20240118;102148;2646.000000000;2;9428218877;S
20240118;102148;2646.000000000;5;9428218878;S
20240118;102148;2645.800000000;40;9428218879;S
20240118;102148;2645.800000000;2;9428218880;S
20240118;102148;2645.800000000;164;9428218881;B
20240118;102151;2646.800000000;18;9428219246;B
20240118;102151;2646.800000000;2;9428219247;B
20240118;102151;2647.000000000;61;9428219248;B
20240118;102154;2647.600000000;1;9428219560;B
20240118;102203;2647.000000000;24;9428220444;S
20240118;102206;2647.600000000;2;9428220785;B
20240118;102213;2647.600000000;2;9428221701;B
20240118;102213;2647.800000000;2;9428221702;B
20240118;102216;2647.600000000;1;9428221957;B
20240118;102227;2647.400000000;1;9428223027;B
20240118;102227;2647.400000000;2;9428223028;B
20240118;102227;2647.600000000;1;9428223029;B
20240118;102230;2647.400000000;1;9428223313;B
20240118;102234;2647.600000000;10;9428223642;B
20240118;102236;2647.600000000;2;9428223859;B
20240118;102240;2647.600000000;5;9428224254;B
20240118;102240;2647.800000000;53;9428224255;B
20240118;102240;2647.800000000;2;9428224256;B
20240118;102241;2648.000000000;3;9428224364;B
20240118;102241;2647.800000000;2;9428224422;S
20240118;102242;2647.800000000;1;9428224518;S
20240118;102244;2648.000000000;151;9428224763;B
20240118;102244;2648.000000000;46;9428224764;B
20240118;102247;2648.200000000;4;9428225058;S
20240118;102256;2648.200000000;1;9428225872;S
20240118;102257;2648.800000000;1;9428225968;B
20240118;102301;2648.800000000;1;9428226301;B
20240118;102306;2649.000000000;2;9428226751;B
20240118;102313;2649.200000000;1;9428227398;B
20240118;102313;2649.200000000;5;9428227412;B
20240118;102318;2649.000000000;1;9428227903;B
20240118;102318;2648.800000000;1;9428227910;S
20240118;102320;2648.800000000;4;9428228106;S
20240118;102332;2649.400000000;1;9428229270;B
20240118;102334;2649.000000000;1;9428229476;S
20240118;102335;2648.800000000;2;9428229546;S
20240118;102336;2649.200000000;2;9428229572;B
20240118;102339;2648.800000000;2;9428229845;S
20240118;102341;2648.200000000;1;9428230017;S
20240118;102343;2649.000000000;2;9428230129;B
20240118;102352;2648.800000000;1;9428230963;B
20240118;102355;2648.600000000;1;9428231274;B
20240118;102357;2648.800000000;2;9428231384;B
20240118;102402;2648.200000000;7;9428232278;S
20240118;102406;2648.800000000;2;9428233000;B
20240118;102407;2648.800000000;1;9428233183;B
20240118;102413;2648.000000000;10;9428233770;S
20240118;102413;2648.000000000;58;9428233771;S
20240118;102413;2648.000000000;2;9428233772;S
20240118;102413;2647.800000000;13;9428233773;S
20240118;102415;2648.400000000;2;9428234129;B
20240118;102415;2648.400000000;8;9428234130;B
20240118;102418;2648.400000000;2;9428234409;B
20240118;102419;2648.400000000;5;9428234457;B
20240118;102419;2648.400000000;2;9428234458;B
20240118;102419;2648.800000000;1;9428234459;B
20240118;102419;2648.800000000;40;9428234460;B
20240118;102419;2649.000000000;38;9428234461;B
20240118;102419;2649.200000000;11;9428234462;B
20240118;102419;2649.200000000;3;9428234463;B
20240118;102419;2649.200000000;100;9428234464;B
20240118;102419;2649.600000000;93;9428234465;B
20240118;102419;2649.600000000;47;9428234466;B
20240118;102419;2649.800000000;23;9428234467;B
20240118;102419;2649.800000000;1;9428234468;B
20240118;102419;2649.800000000;5;9428234469;B
20240118;102419;2649.800000000;2;9428234470;B
20240118;102419;2649.800000000;18;9428234471;B
20240118;102419;2649.800000000;1;9428234472;B
20240118;102419;2649.800000000;160;9428234473;B
20240118;102419;2649.800000000;50;9428234474;B
20240118;102419;2650.000000000;45;9428234475;B
20240118;102419;2650.000000000;50;9428234476;B
20240118;102419;2650.000000000;170;9428234477;B
20240118;102424;2650.000000000;1;9428235066;B
20240118;102426;2649.200000000;5;9428235240;S
20240118;102426;2648.800000000;2;9428235241;S
20240118;102426;2648.400000000;3;9428235242;S
20240118;102426;2648.400000000;30;9428235243;S
20240118;102427;2650.000000000;58;9428235282;B
20240118;102434;2649.200000000;4;9428236025;S
20240118;102434;2649.000000000;1;9428236026;S
20240118;102434;2650.000000000;1;9428236029;B
20240118;102436;2650.000000000;2;9428236189;B
20240118;102440;2649.800000000;1;9428236582;B
20240118;102449;2648.800000000;1;9428237452;S
20240118;102450;2649.800000000;49;9428237487;B
20240118;102450;2649.800000000;100;9428237488;B
20240118;102450;2649.800000000;4;9428237489;B
20240118;102450;2650.000000000;137;9428237490;B
20240118;102450;2650.000000000;99;9428237491;B
20240118;102450;2650.000000000;10;9428237492;B
20240118;102450;2650.000000000;9;9428237493;B
20240118;102450;2650.000000000;11;9428237494;B
20240118;102450;2650.000000000;200;9428237495;B
20240118;102450;2650.000000000;5;9428237496;B
20240118;102450;2650.000000000;1;9428237497;B
20240118;102450;2650.000000000;3;9428237498;B
20240118;102450;2650.000000000;1;9428237499;B
20240118;102450;2650.000000000;40;9428237500;B
20240118;102450;2650.200000000;40;9428237501;B
20240118;102450;2650.400000000;16;9428237502;B
20240118;102450;2650.400000000;10;9428237503;B
20240118;102450;2650.400000000;47;9428237504;B
20240118;102450;2650.600000000;1;9428237505;B
20240118;102450;2650.800000000;20;9428237506;B
20240118;102450;2650.800000000;197;9428237507;S
20240118;102453;2650.800000000;20;9428237878;B
20240118;102500;2650.600000000;2;9428238673;B
20240118;102501;2650.800000000;4;9428238709;B
20240118;102501;2651.000000000;1;9428238710;B
20240118;102502;2651.000000000;1;9428238823;B
20240118;102502;2651.000000000;1;9428238824;B
20240118;102505;2650.600000000;1;9428239160;S
20240118;102506;2650.800000000;2;9428239221;B
20240118;102509;2650.200000000;5;9428239827;S
20240118;102509;2650.000000000;8;9428239828;S
20240118;102509;2650.000000000;44;9428239829;S
20240118;102509;2649.800000000;4;9428239830;S
20240118;102509;2649.400000000;5;9428239831;S
20240118;102509;2649.400000000;34;9428239832;S
20240118;102517;2649.800000000;2;9428240797;B
20240118;102517;2650.000000000;4;9428240798;B
20240118;102517;2650.200000000;40;9428240799;B
20240118;102517;2650.400000000;4;9428240800;B
20240118;102521;2649.600000000;23;9428241219;S
20240118;102524;2650.400000000;1;9428241400;B
20240118;102536;2650.400000000;1;9428242621;B
20240118;102548;2650.000000000;17;9428243670;S
20240118;102548;2649.600000000;37;9428243671;S
20240118;102548;2649.400000000;36;9428243672;S
20240118;102550;2650.400000000;1;9428243794;B
20240118;102551;2649.400000000;4;9428244011;S
20240118;102556;2650.000000000;11;9428244483;B
20240118;102557;2649.800000000;2;9428244595;B
20240118;102557;2649.800000000;2;9428244596;B
20240118;102606;2649.800000000;2;9428245562;B
20240118;102612;2649.800000000;1;9428246117;B
20240118;102612;2649.800000000;1;9428246123;B
20240118;102613;2649.000000000;1;9428246233;S
20240118;102623;2649.600000000;1;9428247280;B
20240118;102623;2649.800000000;2;9428247281;B
20240118;102623;2649.800000000;2;9428247282;B
20240118;102623;2649.800000000;5;9428247283;B
20240118;102628;2649.800000000;1;9428247834;B
20240118;102629;2649.800000000;1;9428247865;B
20240118;102631;2649.600000000;1;9428248022;B
20240118;102631;2649.800000000;17;9428248023;B
20240118;102633;2649.600000000;1;9428248151;B
20240118;102636;2649.600000000;1;9428248454;B
20240118;102636;2649.800000000;1;9428248455;B
20240118;102636;2649.000000000;4;9428248511;S
20240118;102638;2649.800000000;1;9428248708;B
20240118;102639;2649.800000000;1;9428248799;B
20240118;102651;2649.800000000;1;9428250214;B
20240118;102652;2649.000000000;4;9428250237;S
20240118;102653;2649.600000000;1;9428250375;B
20240118;102702;2649.400000000;1;9428251187;S
20240118;102702;2649.400000000;1;9428251188;S
20240118;102702;2649.400000000;1;9428251189;S
20240118;102702;2649.400000000;4;9428251190;S
20240118;102702;2649.200000000;50;9428251191;S
20240118;102702;2649.000000000;21;9428251192;S
20240118;102702;2649.000000000;1;9428251193;S
20240118;102702;2649.000000000;21;9428251194;S
20240118;102706;2649.800000000;1;9428251492;B
20240118;102706;2650.000000000;1;9428251493;B
20240118;102709;2649.400000000;1;9428251733;S
20240118;102709;2649.400000000;1;9428251734;S
20240118;102709;2649.400000000;1;9428251735;S
20240118;102709;2649.400000000;4;9428251736;S
20240118;102709;2649.200000000;1;9428251737;S
20240118;102709;2649.200000000;17;9428251738;S
20240118;102725;2649.400000000;1;9428253345;S
20240118;102725;2649.400000000;1;9428253346;S
20240118;102725;2649.400000000;1;9428253347;S
20240118;102725;2649.400000000;4;9428253348;S
20240118;102725;2649.400000000;10;9428253349;S
20240118;102725;2649.400000000;1;9428253370;S
20240118;102725;2649.400000000;1;9428253371;S
20240118;102725;2649.200000000;1;9428253372;B
20240118;102725;2649.400000000;4;9428253373;B
20240118;102726;2649.400000000;1;9428253423;B
20240118;102726;2649.400000000;1;9428253424;B
20240118;102726;2649.400000000;1;9428253425;B
20240118;102726;2649.400000000;4;9428253426;B
20240118;102726;2649.400000000;1;9428253460;B
20240118;102726;2649.400000000;1;9428253461;B
20240118;102726;2649.400000000;1;9428253462;B
20240118;102726;2649.400000000;4;9428253464;B
20240118;102726;2649.400000000;1;9428253484;B
20240118;102726;2649.400000000;1;9428253485;B
20240118;102727;2649.400000000;2;9428253527;S
20240118;102730;2649.400000000;2;9428253763;S
20240118;102730;2649.400000000;1;9428253764;S
20240118;102730;2649.400000000;11;9428253765;S
20240118;102730;2649.400000000;4;9428253767;B
20240118;102730;2649.400000000;2;9428253794;B
20240118;102734;2649.400000000;1;9428254161;S
20240118;102736;2649.600000000;1;9428254379;B
20240118;102736;2649.600000000;1;9428254380;B
20240118;102737;2650.000000000;1;9428254646;B
20240118;102751;2649.600000000;1;9428257222;B
20240118;102752;2649.400000000;1;9428257299;S
20240118;102752;2649.400000000;1;9428257300;S
20240118;102752;2649.800000000;1;9428257369;B
20240118;102752;2649.800000000;2;9428257370;B
20240118;102759;2649.400000000;4;9428258777;S
20240118;102803;2649.600000000;5;9428259415;B
20240118;102806;2649.600000000;2;9428260055;B
20240118;102808;2649.400000000;2;9428260417;S
20240118;102809;2649.600000000;12;9428260552;B
20240118;102810;2649.600000000;2;9428260835;B
20240118;102811;2649.600000000;1;9428260942;B
20240118;102814;2649.600000000;1;9428261467;B
20240118;102816;2649.600000000;2;9428261874;B
20240118;102816;2649.800000000;3;9428261875;B
20240118;102816;2649.800000000;1;9428261876;B
20240118;102816;2650.000000000;1;9428261877;B
20240118;102816;2650.000000000;2;9428261878;B
20240118;102816;2650.000000000;1;9428261879;B
20240118;102816;2650.000000000;6;9428261880;B
20240118;102816;2650.000000000;10;9428261881;B
20240118;102816;2650.000000000;37;9428261882;B
20240118;102816;2650.000000000;1;9428261883;B
20240118;102833;2650.400000000;2;9428264248;B
20240118;102834;2650.000000000;2;9428264330;S
20240118;102836;2650.400000000;2;9428264613;B
20240118;102849;2650.400000000;46;9428266062;B
20240118;102849;2650.400000000;1;9428266063;B
20240118;102849;2650.600000000;1;9428266064;B
20240118;102849;2650.600000000;11;9428266065;B
20240118;102849;2650.600000000;25;9428266066;B
20240118;102849;2651.000000000;9;9428266067;B
20240118;102849;2651.000000000;10;9428266068;B
20240118;102849;2651.000000000;16;9428266069;B
20240118;102849;2651.000000000;9;9428266070;B
20240118;102849;2651.000000000;1;9428266071;B
20240118;102849;2651.400000000;50;9428266072;B
20240118;102849;2651.400000000;40;9428266073;B
20240118;102849;2651.400000000;47;9428266074;B
20240118;102849;2651.600000000;25;9428266075;B
20240118;102849;2651.800000000;19;9428266076;B
20240118;102849;2651.800000000;1;9428266078;B
20240118;102849;2652.000000000;1;9428266095;B
20240118;102853;2651.200000000;3;9428266433;S
20240118;102906;2652.000000000;2;9428267592;B
20240118;102906;2651.200000000;13;9428267631;S
20240118;102906;2650.600000000;38;9428267632;S
20240118;102906;2650.600000000;18;9428267633;S
20240118;102906;2650.400000000;2;9428267634;S
20240118;102906;2650.400000000;100;9428267635;S
20240118;102906;2650.200000000;54;9428267636;S
20240118;102906;2650.000000000;34;9428267637;S
20240118;102906;2650.000000000;40;9428267638;S
20240118;102906;2650.000000000;566;9428267639;S
20240118;102906;2650.000000000;12;9428267640;S
20240118;102906;2649.600000000;30;9428267641;S
20240118;102906;2649.600000000;50;9428267642;S
20240118;102906;2649.400000000;3;9428267643;S
20240118;102906;2649.400000000;40;9428267644;S
20240118;102907;2649.800000000;5;9428267728;S
20240118;102913;2650.800000000;4;9428268314;B
20240118;102919;2649.800000000;5;9428269053;S
20240118;102919;2649.600000000;3;9428269054;S
20240118;102919;2649.400000000;4;9428269055;S
20240118;102920;2650.400000000;38;9428269089;B
20240118;102920;2650.600000000;50;9428269090;B
20240118;102920;2650.600000000;3;9428269091;B
20240118;102920;2650.800000000;40;9428269092;B
20240118;102920;2651.000000000;18;9428269093;B
20240118;102920;2651.000000000;50;9428269094;B
20240118;102920;2651.000000000;25;9428269095;B
20240118;102920;2651.000000000;4;9428269112;B
20240118;102929;2651.000000000;59;9428270044;B
20240118;102936;2651.000000000;1;9428270616;B
20240118;102938;2651.000000000;1;9428270803;B
20240118;102943;2651.000000000;10;9428271377;B
20240118;102948;2651.200000000;1;9428271728;B
20240118;102948;2651.600000000;2;9428271729;B
20240118;102948;2651.800000000;27;9428271730;B
20240118;102948;2651.800000000;5;9428271762;S
20240118;102948;2651.400000000;2;9428271763;S
20240118;102955;2652.000000000;1;9428272508;B
20240118;102956;2652.000000000;20;9428272712;B
20240118;102957;2652.000000000;2;9428272734;B
20240118;103004;2651.800000000;10;9428273963;B
20240118;103004;2651.800000000;5;9428273988;B
20240118;103004;2651.600000000;30;9428273991;S
20240118;103004;2651.600000000;3;9428273992;S
20240118;103004;2651.200000000;16;9428273993;S
20240118;103004;2651.000000000;15;9428273994;S
20240118;103004;2651.000000000;22;9428273995;S
20240118;103004;2650.400000000;1;9428273996;S
20240118;103004;2650.400000000;100;9428273997;S
20240118;103004;2650.400000000;1;9428273998;S
20240118;103004;2650.200000000;12;9428273999;S
20240118;103006;2651.400000000;2;9428274201;B
20240118;103008;2651.400000000;36;9428274456;B
20240118;103008;2651.400000000;14;9428274457;B
20240118;103011;2651.600000000;2;9428274752;B
20240118;103016;2651.600000000;2;9428275481;B
20240118;103026;2650.400000000;1;9428277234;S
20240118;103026;2650.400000000;1;9428277235;S
20240118;103026;2650.400000000;3;9428277236;S
20240118;103031;2651.200000000;50;9428278273;B
20240118;103031;2651.400000000;26;9428278274;B
20240118;103032;2650.600000000;3;9428278410;S
20240118;103032;2650.600000000;4;9428278411;S
20240118;103036;2651.400000000;2;9428279003;B
20240118;103036;2650.600000000;24;9428279034;S
20240118;103036;2650.600000000;10;9428279035;S
20240118;103036;2650.400000000;18;9428279036;S
20240118;103036;2650.400000000;1;9428279037;S
20240118;103036;2650.400000000;1;9428279038;S
20240118;103036;2650.400000000;3;9428279039;S
20240118;103036;2650.400000000;71;9428279040;S
20240118;103036;2650.200000000;11;9428279041;S
20240118;103036;2650.200000000;100;9428279042;S
20240118;103036;2650.000000000;4;9428279043;S
20240118;103036;2650.000000000;62;9428279044;S
20240118;103036;2650.000000000;27;9428279045;S
20240118;103036;2650.000000000;2;9428279046;S
20240118;103036;2650.000000000;100;9428279047;S
20240118;103036;2650.000000000;9;9428279048;S
20240118;103036;2649.800000000;19;9428279049;S
20240118;103036;2649.800000000;1;9428279058;B
20240118;103037;2650.000000000;1;9428279059;B
20240118;103037;2649.800000000;1;9428279073;B
20240118;103037;2649.800000000;1;9428279080;B
20240118;103037;2649.800000000;1;9428279087;B
20240118;103037;2649.800000000;1;9428279097;B
20240118;103037;2649.800000000;10;9428279150;B
20240118;103039;2649.800000000;3;9428279368;B
20240118;103039;2649.800000000;9;9428279369;B
20240118;103052;2649.400000000;5;9428281197;S
20240118;103055;2649.400000000;1;9428281607;S
20240118;103100;2649.600000000;1;9428282022;B
20240118;103106;2649.600000000;1;9428282545;B
20240118;103106;2649.800000000;1;9428282546;B
20240118;103114;2649.800000000;1;9428283207;B
20240118;103116;2649.600000000;1;9428283355;S
20240118;103117;2649.600000000;1;9428283468;S
20240118;103120;2649.800000000;3;9428283744;B
20240118;103126;2649.800000000;1;9428284146;B
20240118;103127;2649.800000000;12;9428284217;B
20240118;103128;2650.000000000;4;9428284302;B
20240118;103131;2649.800000000;4;9428284577;S
20240118;103132;2650.000000000;200;9428284711;B
20240118;103136;2650.000000000;2;9428285174;B
20240118;103145;2650.000000000;1;9428286158;B
20240118;103146;2650.000000000;1;9428286369;B
20240118;103148;2650.000000000;1;9428286467;B
20240118;103152;2650.000000000;10;9428286818;B
20240118;103156;2650.000000000;787;9428287122;B
20240118;103156;2650.000000000;3;9428287123;B
20240118;103156;2650.000000000;74;9428287124;B
20240118;103157;2651.400000000;2;9428287213;B
20240118;103201;2651.400000000;28;9428287654;B
20240118;103201;2651.600000000;1;9428287655;B
20240118;103201;2651.600000000;10;9428287656;B
20240118;103201;2651.600000000;5;9428287657;B
20240118;103201;2651.600000000;22;9428287658;B
20240118;103202;2650.800000000;5;9428287759;S
20240118;103202;2650.800000000;38;9428287760;S
20240118;103202;2650.600000000;3;9428287761;S
20240118;103202;2650.600000000;50;9428287762;S
20240118;103202;2650.600000000;26;9428287763;S
20240118;103202;2650.000000000;3;9428287764;S
20240118;103206;2651.200000000;2;9428288106;B
20240118;103219;2651.400000000;4;9428289389;B
20240118;103224;2651.400000000;1;9428289774;B
20240118;103235;2651.200000000;1;9428290741;B
20240118;103236;2651.400000000;2;9428290786;B
20240118;103243;2651.600000000;2;9428291548;B
20240118;103246;2651.600000000;20;9428291736;B
20240118;103246;2651.600000000;2;9428291738;B
20240118;103251;2651.200000000;16;9428292126;S
20240118;103252;2651.200000000;3;9428292194;S
20240118;103252;2651.200000000;10;9428292207;B
20240118;103252;2651.400000000;75;9428292238;S
20240118;103252;2651.000000000;15;9428292239;S
20240118;103252;2650.600000000;20;9428292240;S
20240118;103252;2650.200000000;18;9428292241;S
20240118;103252;2650.200000000;40;9428292242;S
20240118;103252;2650.000000000;924;9428292243;S
20240118;103252;2650.000000000;1;9428292244;S
20240118;103252;2650.000000000;70;9428292245;S
20240118;103257;2650.000000000;1;9428292539;S
20240118;103302;2650.000000000;7;9428292925;S
20240118;103306;2650.800000000;5;9428293167;B
20240118;103306;2650.800000000;2;9428293206;B
20240118;103336;2650.600000000;2;9428295798;B
20240118;103344;2650.600000000;1;9428296339;B
20240118;103347;2650.000000000;10;9428296641;S
20240118;103350;2650.600000000;1;9428296861;B
20240118;103353;2650.600000000;32;9428297122;B
20240118;103400;2650.000000000;1;9428297719;S
20240118;103405;2650.600000000;3;9428298065;B
20240118;103405;2650.800000000;11;9428298066;B
20240118;103405;2650.800000000;3;9428298067;B
20240118;103405;2650.800000000;3;9428298068;B
20240118;103406;2651.000000000;1;9428298177;B
20240118;103408;2650.800000000;9;9428298355;B
20240118;103412;2651.000000000;1;9428298570;B
20240118;103415;2650.200000000;1;9428298765;S
20240118;103424;2650.800000000;1;9428299481;B
20240118;103424;2650.800000000;1;9428299482;B
20240118;103435;2651.000000000;1;9428300974;B
20240118;103435;2651.000000000;2;9428300975;B
20240118;103436;2651.000000000;2;9428301079;B
20240118;103440;2650.400000000;1;9428301450;S
20240118;103440;2650.400000000;5;9428301479;S
20240118;103440;2650.200000000;2;9428301480;S
20240118;103443;2650.200000000;15;9428301719;S
20240118;103443;2650.000000000;318;9428301720;S
20240118;103443;2650.000000000;1;9428301721;S
20240118;103443;2650.000000000;1;9428301722;S
20240118;103443;2650.000000000;2;9428301723;S
20240118;103443;2650.000000000;50;9428301724;S
20240118;103443;2650.000000000;1;9428301725;S
20240118;103443;2650.000000000;3;9428301726;S
20240118;103447;2650.600000000;5;9428302095;B
20240118;103506;2650.600000000;2;9428303966;B
20240118;103508;2650.000000000;7;9428304127;S
20240118;103509;2650.600000000;9;9428304155;B
20240118;103517;2650.000000000;9;9428305225;S
20240118;103522;2650.000000000;1;9428306152;S
20240118;103530;2650.200000000;10;9428308125;B
20240118;103532;2650.000000000;5;9428308590;S
20240118;103533;2650.000000000;2;9428308901;S
20240118;103534;2650.000000000;10;9428308954;S
20240118;103536;2650.200000000;2;9428309463;B
20240118;103537;2650.000000000;1;9428309616;S
20240118;103539;2650.200000000;9;9428309955;B
20240118;103540;2650.200000000;38;9428310252;B
20240118;103540;2650.400000000;69;9428310253;B
20240118;103545;2650.000000000;181;9428311309;S
20240118;103545;2650.000000000;1;9428311310;S
20240118;103545;2650.000000000;1;9428311311;S
20240118;103545;2650.000000000;14;9428311312;S
20240118;103545;2650.000000000;3;9428311313;S
20240118;103549;2650.400000000;37;9428312086;B
20240118;103549;2650.600000000;17;9428312102;B
20240118;103549;2650.600000000;3;9428312103;B
20240118;103553;2650.600000000;1;9428312750;B
20240118;103556;2650.600000000;2;9428313133;B
20240118;103556;2650.600000000;19;9428313134;B
20240118;103556;2650.800000000;4;9428313135;B
20240118;103556;2650.800000000;13;9428313136;B
20240118;103556;2651.000000000;1;9428313174;B
20240118;103556;2651.000000000;25;9428313177;B
20240118;103556;2651.000000000;4;9428313178;B
20240118;103604;2651.000000000;2;9428314259;S
20240118;103606;2651.600000000;2;9428314648;B
20240118;103612;2651.200000000;2;9428315740;B
20240118;103615;2651.600000000;1;9428316002;B
20240118;103628;2651.000000000;3;9428317393;S
20240118;103631;2651.000000000;2;9428317804;B
20240118;103633;2651.000000000;2;9428318108;B
20240118;103634;2650.600000000;4;9428318248;S
20240118;103635;2651.000000000;22;9428318393;B
20240118;103636;2651.400000000;1;9428318454;B
20240118;103636;2651.600000000;2;9428318506;B
20240118;103644;2651.600000000;1;9428319409;B
20240118;103647;2651.600000000;1;9428319954;B
20240118;103650;2651.600000000;2;9428320353;B
20240118;103655;2651.600000000;1;9428320842;B
20240118;103705;2651.400000000;1;9428322157;S
20240118;103705;2651.400000000;2;9428322224;S
20240118;103706;2651.600000000;9;9428322276;B
20240118;103706;2651.600000000;1;9428322277;B
20240118;103706;2651.600000000;2;9428322309;B
20240118;103723;2651.600000000;1;9428324362;B
20240118;103723;2651.600000000;1;9428324385;B
20240118;103723;2651.800000000;1;9428324386;B
20240118;103724;2651.800000000;1;9428324529;B
20240118;103732;2651.800000000;2;9428325688;B
20240118;103736;2651.600000000;11;9428326429;S
20240118;103736;2651.800000000;2;9428326543;B
20240118;103736;2651.600000000;1;9428326544;S
20240118;103738;2651.800000000;10;9428326743;B
20240118;103739;2651.800000000;1;9428326866;B
20240118;103740;2651.800000000;1;9428326982;B
20240118;103741;2651.800000000;1;9428327035;B
20240118;103741;2651.600000000;1;9428327178;S
20240118;103743;2651.600000000;21;9428327408;S
20240118;103744;2651.600000000;2;9428327467;S
20240118;103744;2651.600000000;1;9428327531;S
20240118;103744;2651.400000000;3;9428327532;S
20240118;103751;2651.200000000;1;9428328587;S
20240118;103755;2651.000000000;8;9428329249;S
20240118;103755;2651.000000000;107;9428329250;S
20240118;103755;2651.000000000;17;9428329251;S
20240118;103757;2651.200000000;2;9428329518;B
20240118;103757;2651.000000000;1;9428329519;S
20240118;103759;2651.000000000;1;9428329838;S
20240118;103803;2651.200000000;3;9428330388;B
20240118;103803;2651.200000000;3;9428330389;B
20240118;103804;2651.000000000;2;9428330533;S
20240118;103804;2651.200000000;2;9428330536;B
20240118;103807;2651.200000000;1;9428330989;B
20240118;103808;2651.000000000;5;9428331279;S
20240118;103808;2651.200000000;6;9428331285;B
20240118;103808;2651.200000000;1;9428331343;B
20240118;103808;2651.200000000;3;9428331344;B
20240118;103808;2651.200000000;16;9428331345;B
20240118;103826;2651.400000000;26;9428333891;B
20240118;103826;2651.400000000;5;9428333892;B
20240118;103828;2651.800000000;1;9428334209;B
20240118;103829;2651.600000000;2;9428334328;S
20240118;103829;2651.600000000;1;9428334373;B
20240118;103834;2651.800000000;1;9428335020;B
20240118;103835;2651.600000000;2;9428335153;S
20240118;103837;2651.800000000;2;9428335324;B
20240118;103842;2651.600000000;1;9428336025;S
20240118;103842;2651.400000000;95;9428336156;S
20240118;103845;2651.600000000;9;9428336488;B
20240118;103847;2651.600000000;1;9428336873;B
20240118;103848;2651.400000000;9;9428336934;S
20240118;103849;2651.400000000;4;9428337049;S
20240118;103849;2651.400000000;1;9428337109;S
20240118;103850;2651.600000000;1;9428337321;B
20240118;103852;2651.600000000;1;9428337761;B
20240118;103853;2651.600000000;26;9428337894;B
20240118;103854;2651.400000000;1;9428338162;S
20240118;103855;2651.400000000;1;9428338219;S
20240118;103858;2651.600000000;1;9428338954;B
20240118;103901;2651.600000000;37;9428339409;B
20240118;103903;2651.600000000;1;9428339732;B
20240118;103907;2651.800000000;2;9428340209;B
20240118;103911;2651.600000000;5;9428340748;B
20240118;103918;2651.800000000;4;9428341670;B
20240118;103933;2651.600000000;1;9428344139;B
20240118;103936;2651.400000000;8;9428344513;S
20240118;103937;2651.800000000;1;9428344598;B
20240118;103937;2651.800000000;1;9428344599;B
20240118;103944;2651.800000000;1;9428345533;B
20240118;103952;2651.600000000;38;9428346393;B
20240118;103952;2651.800000000;1;9428346416;B
20240118;103959;2651.800000000;18;9428347189;B
20240118;103959;2651.800000000;10;9428347190;B
20240118;103959;2651.800000000;46;9428347191;B
20240118;104000;2651.800000000;3;9428347258;B
20240118;104000;2651.800000000;1;9428347261;B
20240118;104000;2651.800000000;19;9428347262;B
20240118;104000;2651.800000000;48;9428347263;B
20240118;104000;2651.800000000;10;9428347264;B
20240118;104000;2651.800000000;1;9428347265;B
20240118;104000;2652.000000000;4;9428347267;B
20240118;104000;2652.000000000;20;9428347268;B
20240118;104000;2652.000000000;10;9428347269;B
20240118;104000;2652.000000000;1;9428347270;B
20240118;104000;2652.000000000;1;9428347271;B
20240118;104000;2652.000000000;2;9428347272;B
20240118;104000;2652.000000000;30;9428347273;B
20240118;104000;2652.000000000;21;9428347274;B
20240118;104000;2652.000000000;6;9428347275;B
20240118;104000;2652.000000000;2;9428347276;B
20240118;104000;2652.000000000;10;9428347277;B
20240118;104000;2652.000000000;25;9428347278;B
20240118;104000;2652.000000000;2;9428347302;B
20240118;104001;2652.000000000;1;9428347426;B
20240118;104001;2651.800000000;1;9428347520;S
20240118;104001;2652.000000000;1;9428347521;B
20240118;104002;2652.000000000;1;9428347593;B
20240118;104003;2651.800000000;1;9428347749;S
20240118;104003;2652.000000000;2;9428347750;B
20240118;104004;2651.800000000;20;9428347853;S
20240118;104005;2652.000000000;2;9428347947;B
20240118;104005;2652.000000000;1;9428347948;B
20240118;104005;2651.800000000;1;9428347967;S
20240118;104006;2652.000000000;10;9428348082;B
20240118;104006;2652.000000000;5;9428348083;B
20240118;104006;2652.000000000;1;9428348084;B
20240118;104007;2652.000000000;1;9428348111;B
20240118;104007;2652.200000000;1;9428348112;B
20240118;104007;2652.200000000;18;9428348113;B
20240118;104007;2652.200000000;2;9428348114;B
20240118;104007;2652.400000000;4;9428348116;B
20240118;104007;2653.000000000;1;9428348186;B
20240118;104007;2653.000000000;1;9428348187;B
20240118;104007;2653.000000000;3;9428348188;B
20240118;104007;2653.000000000;28;9428348218;B
20240118;104008;2652.800000000;1;9428348220;S
20240118;104009;2652.800000000;1;9428348513;S
20240118;104010;2652.800000000;1;9428348648;S
20240118;104011;2652.800000000;1;9428348705;S
20240118;104032;2652.400000000;1;9428351952;S
20240118;104037;2652.800000000;2;9428352657;B
20240118;104037;2653.000000000;3;9428352794;B
20240118;104038;2652.600000000;1;9428352902;S
20240118;104038;2652.400000000;9;9428352903;S
20240118;104038;2651.600000000;9;9428352904;S
20240118;104038;2651.400000000;3;9428352905;S
20240118;104038;2651.400000000;2;9428352906;S
20240118;104038;2651.400000000;100;9428352907;S
20240118;104038;2651.200000000;35;9428352908;S
20240118;104038;2651.000000000;267;9428352909;S
20240118;104038;2651.000000000;1;9428352910;S
20240118;104038;2651.000000000;1;9428352911;S
20240118;104038;2651.000000000;3;9428352912;S
20240118;104038;2650.600000000;16;9428352913;S
20240118;104038;2650.600000000;50;9428352914;S
20240118;104038;2650.600000000;20;9428352915;S
20240118;104038;2650.400000000;130;9428352916;S
20240118;104038;2650.000000000;441;9428352917;S
20240118;104038;2650.000000000;1;9428352918;S
20240118;104038;2650.000000000;1;9428352919;S
20240118;104038;2650.000000000;1;9428352920;S
20240118;104038;2650.000000000;17;9428352921;S
20240118;104038;2650.000000000;1;9428352922;S
20240118;104038;2650.000000000;25;9428352923;S
20240118;104038;2650.000000000;50;9428352924;S
20240118;104038;2650.000000000;53;9428352925;S
20240118;104038;2650.000000000;47;9428352926;S
20240118;104039;2650.800000000;1;9428352985;B
20240118;104039;2650.000000000;15;9428352992;S
20240118;104045;2650.600000000;2;9428353952;B
20240118;104058;2650.200000000;1;9428355472;S
20240118;104101;2650.400000000;1;9428355908;S
20240118;104107;2651.000000000;2;9428356517;B
20240118;104125;2650.600000000;1;9428358969;B
20240118;104130;2650.600000000;1;9428359714;B
20240118;104131;2650.400000000;1;9428359853;B
20240118;104134;2650.600000000;3;9428360153;B
20240118;104137;2651.000000000;2;9428360440;B
20240118;104138;2650.600000000;4;9428360612;S
20240118;104144;2650.600000000;1;9428361318;S
20240118;104151;2650.600000000;53;9428362216;S
20240118;104154;2650.400000000;3;9428362663;B
20240118;104154;2650.800000000;2;9428362664;B
20240118;104207;2650.600000000;2;9428364737;B
20240118;104212;2650.600000000;2;9428365361;B
20240118;104212;2650.600000000;2;9428365362;B
20240118;104219;2650.600000000;1;9428366435;B
20240118;104224;2650.400000000;1;9428367085;B
20240118;104236;2650.200000000;5;9428368542;B
20240118;104236;2650.200000000;5;9428368543;B
20240118;104237;2650.400000000;1;9428368665;B
20240118;104239;2650.400000000;3;9428369050;B
20240118;104241;2650.200000000;22;9428369316;S
20240118;104242;2650.200000000;3;9428369367;S
20240118;104242;2650.200000000;2;9428369368;S
20240118;104242;2650.200000000;6;9428369369;S
20240118;104259;2650.400000000;2;9428371078;B
20240118;104259;2650.400000000;3;9428371079;B
20240118;104259;2650.000000000;86;9428371117;S
20240118;104259;2650.000000000;2;9428371118;S
20240118;104259;2650.000000000;1;9428371119;S
20240118;104302;2650.200000000;5;9428371348;S
20240118;104303;2650.200000000;20;9428371397;S
20240118;104305;2650.200000000;25;9428371714;S
20240118;104305;2650.200000000;2;9428371715;S
20240118;104305;2650.000000000;13;9428371716;S
20240118;104305;2650.000000000;35;9428371717;S
20240118;104306;2650.000000000;50;9428371781;S
20240118;104307;2650.200000000;2;9428371892;B
20240118;104311;2650.000000000;1;9428372402;S
20240118;104315;2650.200000000;2;9428372965;B
20240118;104316;2650.000000000;2;9428373038;S
20240118;104316;2650.000000000;23;9428373039;S
20240118;104316;2650.000000000;23;9428373040;S
20240118;104316;2650.000000000;23;9428373041;S
20240118;104317;2650.000000000;5;9428373109;S
20240118;104320;2650.000000000;60;9428373401;S
20240118;104324;2650.000000000;57;9428373889;S
20240118;104324;2650.000000000;54;9428373890;S
20240118;104324;2650.000000000;54;9428373891;S
20240118;104324;2650.000000000;54;9428373892;S
20240118;104324;2650.000000000;29;9428373893;S
20240118;104324;2650.000000000;57;9428373894;S
20240118;104324;2650.000000000;57;9428373895;S
20240118;104324;2650.000000000;57;9428373896;S
20240118;104324;2650.000000000;3;9428373897;S
20240118;104324;2650.000000000;85;9428373898;S
20240118;104324;2650.000000000;28;9428373899;S
20240118;104324;2650.000000000;16;9428373900;S
20240118;104324;2650.000000000;13;9428373901;S
20240118;104324;2650.000000000;75;9428373902;S
20240118;104325;2650.000000000;1;9428373941;S
20240118;104325;2650.000000000;5;9428374017;S
20240118;104333;2650.000000000;3;9428374668;S
20240118;104337;2650.200000000;1;9428375017;B
20240118;104337;2650.200000000;1;9428375018;B
20240118;104338;2650.000000000;519;9428375126;S
20240118;104338;2650.000000000;45;9428375127;S
20240118;104338;2650.000000000;4;9428375243;S
20240118;104340;2650.000000000;50;9428375420;S
20240118;104346;2650.200000000;1;9428375872;B
20240118;104349;2650.000000000;17;9428376207;S
20240118;104350;2650.200000000;1;9428376302;B
20240118;104350;2650.000000000;1;9428376341;S
20240118;104354;2650.000000000;2;9428376684;S
20240118;104356;2650.000000000;3;9428376911;S
20240118;104359;2650.000000000;50;9428377191;S
20240118;104402;2650.200000000;15;9428377611;B
20240118;104407;2650.200000000;2;9428377977;B
20240118;104417;2650.000000000;1;9428379294;S
20240118;104418;2650.000000000;5;9428379377;S
20240118;104419;2650.000000000;1;9428379476;S
20240118;104420;2650.000000000;1;9428379527;S
20240118;104422;2650.000000000;2;9428379779;S
20240118;104422;2650.000000000;5;9428379781;S
20240118;104428;2650.200000000;1;9428380340;B
20240118;104429;2650.200000000;2;9428380398;B
20240118;104430;2650.000000000;1;9428380538;S
20240118;104433;2650.200000000;2;9428381181;B
20240118;104433;2650.400000000;2;9428381182;B
20240118;104433;2650.000000000;10;9428381183;S
20240118;104433;2650.000000000;12;9428381184;S
20240118;104434;2650.400000000;2;9428381279;B
20240118;104434;2650.600000000;8;9428381280;B
20240118;104437;2650.600000000;2;9428381601;B
20240118;104441;2650.600000000;10;9428381959;B
20240118;104442;2650.000000000;1;9428382175;S
20240118;104444;2650.000000000;2;9428382325;S
20240118;104445;2650.200000000;1;9428382553;B
20240118;104450;2650.000000000;1;9428383016;S
20240118;104455;2650.600000000;4;9428383447;B
20240118;104506;2650.600000000;8;9428384425;B
20240118;104507;2650.600000000;2;9428384491;B
20240118;104513;2650.600000000;2;9428385301;B
20240118;104521;2650.000000000;6;9428386155;S
20240118;104521;2650.000000000;2;9428386156;S
