<DATE>;<TIME>;<LAST>;<VOL>;<ID>;<OPER>
20240228;095932;3365.8;1;9707822258;B
20240228;095932;3365.8;1;9707822259;B
20240228;095932;3365.8;1;9707822260;B
20240228;095932;3365.8;1;9707822261;B
20240228;095932;3365.8;3;9707822262;S
20240228;095932;3365.8;57;9707822263;S
20240228;095932;3365.8;1;9707822264;S
20240228;095932;3365.8;1;9707822265;S
20240228;095932;3365.8;1;9707822266;S
20240228;095932;3365.8;7;9707822267;S
20240228;095932;3365.8;1;9707822268;S
20240228;095932;3365.8;27;9707822269;S
20240228;095932;3365.8;20;9707822270;S
20240228;095932;3365.8;2;9707822271;S
20240228;095932;3365.8;5;9707822272;S
20240228;095932;3365.8;1;9707822273;S
20240228;095932;3365.8;3;9707822274;S
20240228;095932;3365.8;1;9707822275;B
20240228;095932;3365.8;6;9707822276;B
20240228;095932;3365.8;35;9707822277;S
20240228;095932;3365.8;1;9707822278;S
20240228;095932;3365.8;2;9707822279;S
20240228;095932;3365.8;14;9707822280;S
20240228;095932;3365.8;3;9707822281;S
20240228;095932;3365.8;4;9707822282;S
20240228;095932;3365.8;1;9707822283;S
20240228;095932;3365.8;40;9707822284;S
20240228;095932;3365.8;50;9707822285;S
20240228;095932;3365.8;10;9707822286;B
20240228;095932;3365.8;4;9707822287;B
20240228;095932;3365.8;1;9707822288;B
20240228;095932;3365.8;2;9707822289;B
20240228;095932;3365.8;2;9707822290;S
20240228;095932;3365.8;81;9707822291;S
20240228;095932;3365.8;3;9707822292;S
20240228;095932;3365.8;2;9707822293;S
20240228;095932;3365.8;14;9707822294;S
20240228;095932;3365.8;1;9707822295;S
20240228;095932;3365.8;7;9707822296;S
20240228;095932;3365.8;1;9707822297;S
20240228;095932;3365.8;1;9707822298;S
20240228;095932;3365.8;25;9707822299;B
20240228;095932;3365.8;1;9707822300;S
20240228;095932;3365.8;40;9707822301;S
20240228;095932;3365.8;10;9707822302;S
20240228;095932;3365.8;1;9707822303;B
20240228;095932;3365.8;1;9707822304;S
20240228;095932;3365.8;30;9707822305;B
20240228;095932;3365.8;28;9707822306;S
20240228;095932;3365.8;5;9707822307;S
20240228;095932;3365.8;10;9707822308;S
20240228;095932;3365.8;1;9707822309;S
20240228;095932;3365.8;100;9707822310;S
20240228;095932;3365.8;1;9707822311;S
20240228;095932;3365.8;14;9707822312;S
20240228;095932;3365.8;1;9707822313;B
20240228;095932;3365.8;1;9707822314;B
20240228;095932;3365.8;1;9707822315;B
20240228;095932;3365.8;10;9707822316;B
20240228;095932;3365.8;1;9707822317;S
20240228;095932;3365.8;88;9707822318;S
20240228;095932;3365.8;2;9707822319;S
20240228;095932;3365.8;4;9707822320;S
20240228;095932;3365.8;1;9707822321;S
20240228;095932;3365.8;5;9707822322;S
20240228;095932;3365.8;1;9707822323;S
20240228;095932;3365.8;4;9707822324;S
20240228;095932;3365.8;3;9707822325;S
20240228;095932;3365.8;3;9707822326;S
20240228;095932;3365.8;90;9707822327;S
20240228;095932;3365.8;1;9707822328;B
20240228;095932;3365.8;1;9707822329;B
20240228;095932;3365.8;1;9707822330;B
20240228;095932;3365.8;2;9707822331;B
20240228;095932;3365.8;11;9707822332;B
20240228;095932;3365.8;5;9707822333;B
20240228;095932;3365.8;1;9707822334;B
20240228;095932;3365.8;1;9707822335;B
20240228;095932;3365.8;40;9707822336;B
20240228;095932;3365.8;3;9707822337;B
20240228;095932;3365.8;44;9707822338;B
20240228;095932;3365.8;20;9707822339;B
20240228;100000;3365.8;5;9707828763;B
20240228;100000;3365.8;4;9707828764;B
20240228;100001;3365.6;3;9707829613;S
20240228;100001;3365.6;1;9707829614;S
20240228;100001;3365.6;3;9707829615;S
20240228;100001;3365.6;4;9707829616;S
20240228;100001;3365.6;4;9707829617;S
20240228;100002;3365.8;1;9707830737;B
20240228;100003;3365.8;1;9707831279;B
20240228;100003;3365.8;1;9707831312;B
20240228;100003;3365.6;4;9707831503;S
20240228;100004;3365.8;1;9707831509;B
20240228;100004;3365.8;1;9707831574;B
20240228;100004;3365.8;1;9707831611;B
20240228;100004;3365.8;1;9707831709;B
20240228;100005;3365.8;10;9707832199;B
20240228;100005;3365.6;3;9707832541;S
20240228;100005;3365.8;1;9707832738;B
20240228;100006;3365.6;1;9707834211;S
20240228;100006;3365.8;3;9707834386;B
20240228;100006;3365.8;100;9707834387;B
20240228;100007;3365.8;2;9707834781;B
20240228;100007;3365.8;1;9707835006;B
20240228;100007;3365.8;1;9707835091;B
20240228;100007;3365.8;2;9707835105;B
20240228;100007;3365.8;1;9707835133;B
20240228;100008;3365.6;1;9707835379;S
20240228;100008;3365.8;1;9707835523;B
20240228;100009;3365.8;1;9707835708;B
20240228;100010;3365.8;1;9707835867;B
20240228;100010;3365.8;5;9707835896;B
20240228;100010;3365.8;3;9707836015;B
20240228;100010;3365.6;1;9707836033;S
20240228;100010;3365.8;78;9707836058;B
20240228;100010;3365.8;3;9707836059;B
20240228;100010;3365.8;1;9707836060;B
20240228;100010;3365.8;10;9707836061;B
20240228;100010;3366;2;9707836062;B
20240228;100010;3366;48;9707836063;B
20240228;100010;3366;2;9707836064;B
20240228;100010;3367.8;1;9707836068;B
20240228;100010;3368.2;51;9707836184;B
20240228;100010;3368.4;15;9707836185;B
20240228;100010;3368.8;1;9707836186;B
20240228;100010;3369.8;29;9707836187;B
20240228;100010;3368.2;1;9707836250;S
20240228;100010;3368.8;2;9707836322;B
20240228;100010;3368.8;4;9707836369;B
20240228;100011;3368.8;45;9707836438;B
20240228;100011;3369;15;9707836439;B
20240228;100011;3369.4;5;9707836457;S
20240228;100011;3370;1;9707836556;B
20240228;100011;3370;2;9707836610;B
20240228;100011;3370;158;9707836611;B
20240228;100011;3370;8;9707836623;B
20240228;100011;3370.4;5;9707836624;B
20240228;100011;3370.4;37;9707836625;B
20240228;100011;3371;3;9707836772;B
20240228;100011;3371.6;31;9707836773;B
20240228;100011;3371.8;51;9707836774;B
20240228;100011;3372;79;9707836775;B
20240228;100011;3372;14;9707836776;B
20240228;100011;3372.4;10;9707836777;B
20240228;100011;3372.6;60;9707836778;B
20240228;100011;3373;1;9707836779;B
20240228;100011;3373.2;61;9707836780;B
20240228;100011;3373.4;10;9707836781;B
20240228;100011;3373.4;60;9707836782;B
20240228;100011;3373.6;2;9707836783;B
20240228;100011;3373.8;100;9707836784;B
20240228;100011;3374;5;9707836785;B
20240228;100011;3374;20;9707836786;B
20240228;100011;3374;60;9707836787;B
20240228;100011;3374;100;9707836788;B
20240228;100011;3374.2;10;9707836789;B
20240228;100011;3374.6;10;9707836790;B
20240228;100011;3374.6;60;9707836791;B
20240228;100011;3375;1;9707836792;B
20240228;100011;3375;1;9707836793;B
20240228;100011;3375;5;9707836794;B
20240228;100011;3375;2;9707836795;B
20240228;100011;3375.2;10;9707836796;B
20240228;100011;3375.4;5;9707836797;B
20240228;100011;3375.4;1;9707836798;B
20240228;100011;3375.6;5;9707836799;B
20240228;100011;3375.6;1;9707836800;B
20240228;100011;3375.8;20;9707836801;B
20240228;100011;3375.8;4;9707836802;B
20240228;100011;3375.8;5;9707836803;B
20240228;100011;3375.8;10;9707836804;B
20240228;100011;3375.8;1;9707836805;B
20240228;100011;3376;10;9707836806;B
20240228;100011;3376;5;9707836807;B
20240228;100011;3376;1;9707836808;B
20240228;100011;3376;60;9707836809;B
20240228;100011;3376.2;5;9707836810;B
20240228;100011;3376.4;10;9707836811;B
20240228;100011;3376.4;100;9707836812;B
20240228;100011;3376.6;25;9707836813;B
20240228;100011;3376.6;60;9707836814;B
20240228;100011;3376.8;2;9707836815;B
20240228;100011;3377;2;9707836816;B
20240228;100011;3377;1;9707836817;B
20240228;100011;3377.2;107;9707836818;B
20240228;100011;3377.4;5;9707836819;B
20240228;100011;3377.4;5;9707836820;B
20240228;100011;3377.4;500;9707836821;B
20240228;100011;3378;220;9707836822;B
20240228;100011;3378;1;9707836823;B
20240228;100011;3378;30;9707836824;B
20240228;100011;3378.2;289;9707836825;B
20240228;100011;3378.2;10;9707836826;B
20240228;100011;3378.2;200;9707836827;B
20240228;100011;3379.8;200;9707836828;B
20240228;100011;3380;1;9707836829;B
20240228;100011;3380;1;9707836830;B
20240228;100011;3380;10;9707836831;B
20240228;100011;3380;5;9707836832;B
20240228;100011;3380;5;9707836833;B
20240228;100011;3380;10;9707836834;B
20240228;100011;3380;25;9707836835;B
20240228;100011;3380;100;9707836836;B
20240228;100011;3380;5;9707836837;B
20240228;100011;3380;1;9707836838;B
20240228;100011;3380;5;9707836839;B
20240228;100011;3380;5;9707836840;B
20240228;100011;3380.4;2;9707836841;B
20240228;100011;3380.8;1;9707836842;B
20240228;100011;3380.8;158;9707836843;B
20240228;100011;3375;14;9707836851;B
20240228;100011;3375.6;40;9707836852;B
20240228;100011;3377.2;30;9707836854;B
20240228;100011;3377.2;16;9707836855;S
20240228;100011;3377;29;9707836857;B
20240228;100011;3377;69;9707836858;B
20240228;100011;3375.8;32;9707836861;S
20240228;100011;3376.8;51;9707836862;S
20240228;100011;3376;43;9707836891;S
20240228;100011;3375.8;107;9707836892;S
20240228;100011;3378.4;51;9707836990;B
20240228;100011;3378.6;12;9707836991;B
20240228;100011;3379;37;9707836992;B
20240228;100012;3376.8;1;9707837010;S
20240228;100012;3376;15;9707837015;S
20240228;100012;3375.8;1;9707837105;S
20240228;100012;3375.8;1;9707837114;S
20240228;100012;3376.8;2;9707837146;B
20240228;100012;3375.8;1;9707837170;S
20240228;100012;3376.8;49;9707837178;B
20240228;100012;3376.8;7;9707837179;B
20240228;100012;3376.8;44;9707837180;S
20240228;100012;3375.8;5;9707837208;S
20240228;100012;3375.8;1;9707837217;S
20240228;100012;3377;6;9707837235;B
20240228;100012;3377.6;4;9707837236;B
20240228;100013;3375.8;1;9707837275;S
20240228;100013;3375.8;22;9707837277;S
20240228;100013;3376;2;9707837288;B
20240228;100013;3377.6;3;9707837289;B
20240228;100013;3377.6;7;9707837301;B
20240228;100013;3375.8;1;9707837309;S
20240228;100013;3376.4;1;9707837327;B
20240228;100013;3377;2;9707837328;B
20240228;100013;3377.6;37;9707837329;B
20240228;100013;3377.4;5;9707837331;B
20240228;100013;3375.8;1;9707837340;S
20240228;100013;3377.8;10;9707837363;B
20240228;100013;3377.8;5;9707837364;B
20240228;100013;3376.8;23;9707837369;S
20240228;100013;3376;1;9707837370;S
20240228;100013;3375.8;27;9707837371;S
20240228;100013;3375.8;28;9707837372;S
20240228;100013;3375.2;1;9707837378;S
20240228;100013;3375.2;1;9707837381;S
20240228;100013;3375.2;10;9707837382;S
20240228;100014;3376;1;9707837519;B
20240228;100014;3375;2;9707837668;S
20240228;100015;3375.2;60;9707837834;S
20240228;100015;3375.2;51;9707837835;S
20240228;100015;3375;4;9707837836;S
20240228;100015;3375.2;4;9707837863;S
20240228;100017;3375.2;1;9707838219;S
20240228;100018;3376.4;5;9707838564;B
20240228;100018;3375.2;51;9707838591;S
20240228;100018;3375.2;60;9707838592;S
20240228;100018;3375;4;9707838593;S
20240228;100018;3374.8;35;9707838594;S
20240228;100018;3376.6;2;9707838654;B
20240228;100019;3375;5;9707838745;S
20240228;100019;3376.4;2;9707838919;B
20240228;100019;3374.8;51;9707838926;S
20240228;100019;3374.8;60;9707838927;S
20240228;100019;3374.6;400;9707838928;S
20240228;100019;3374.4;60;9707838929;S
20240228;100019;3373.4;60;9707838930;S
20240228;100019;3373.4;29;9707838931;S
20240228;100020;3375.6;2;9707838991;B
20240228;100020;3376.2;5;9707839029;B
20240228;100020;3376.4;8;9707839030;B
20240228;100020;3376.4;43;9707839031;B
20240228;100020;3376.6;8;9707839032;B
20240228;100021;3373.4;24;9707839264;S
20240228;100021;3373.2;60;9707839265;S
20240228;100021;3373.2;35;9707839266;S
20240228;100022;3373.6;34;9707839545;S
20240228;100022;3373.6;10;9707839620;S
20240228;100024;3373.2;25;9707840138;S
20240228;100025;3373;1;9707840505;S
20240228;100026;3373;1;9707840701;S
20240228;100027;3373.2;5;9707841339;S
20240228;100028;3374.4;1;9707841416;B
20240228;100028;3374.4;5;9707841417;B
20240228;100028;3374.4;16;9707841418;B
20240228;100029;3373.6;1;9707841698;S
20240228;100029;3373.4;5;9707841699;S
20240228;100029;3373.2;10;9707841700;S
20240228;100029;3373;13;9707841701;S
20240228;100029;3372.6;60;9707841702;S
20240228;100029;3372.6;51;9707841703;S
20240228;100029;3372.2;110;9707841704;S
20240228;100029;3374.2;1;9707841760;B
20240228;100030;3373.8;10;9707842061;B
20240228;100030;3372.2;2;9707842154;S
20240228;100031;3373.6;10;9707842198;B
20240228;100031;3373.6;1;9707842317;B
20240228;100031;3374;5;9707842319;B
20240228;100031;3374;1;9707842320;B
20240228;100031;3374.2;4;9707842321;B
20240228;100032;3374.4;30;9707842584;B
20240228;100032;3372.8;5;9707842678;S
20240228;100032;3374.4;3;9707842703;B
20240228;100032;3372.6;7;9707842791;S
20240228;100033;3372.6;47;9707842949;S
20240228;100033;3372.4;10;9707842961;S
20240228;100033;3372.4;1;9707842962;S
20240228;100033;3372.2;25;9707842963;S
20240228;100033;3372.2;33;9707843030;S
20240228;100033;3372.2;18;9707843031;S
20240228;100034;3373;15;9707843086;B
20240228;100034;3374.4;1;9707843087;B
20240228;100034;3374.4;5;9707843088;B
20240228;100034;3374.6;10;9707843089;B
20240228;100034;3374.8;90;9707843090;B
20240228;100034;3375;20;9707843091;B
20240228;100034;3375;60;9707843092;S
20240228;100034;3374.2;5;9707843099;B
20240228;100034;3374.4;1;9707843260;B
20240228;100035;3374.6;1;9707843332;B
20240228;100035;3375.4;5;9707843507;B
20240228;100036;3374.4;5;9707843707;B
20240228;100036;3375.4;9;9707843708;B
20240228;100036;3373.2;5;9707843884;S
20240228;100036;3373;5;9707843885;S
20240228;100037;3372.8;40;9707844215;S
20240228;100038;3372.4;20;9707844349;S
20240228;100038;3373;1;9707844385;B
20240228;100038;3373;4;9707844460;B
20240228;100038;3373.8;1;9707844461;B
20240228;100038;3374;65;9707844462;B
20240228;100039;3373.2;1;9707844661;B
20240228;100039;3374.4;2;9707844755;B
20240228;100040;3373;1;9707844844;S
20240228;100040;3373.2;1;9707844904;B
20240228;100040;3373.4;90;9707844905;B
20240228;100040;3373.6;16;9707844906;B
20240228;100040;3373.8;631;9707844907;B
20240228;100040;3374.8;60;9707844908;B
20240228;100040;3374.8;51;9707844909;B
20240228;100040;3375.4;5;9707844910;B
20240228;100040;3375.4;146;9707844911;S
20240228;100040;3375.4;40;9707844912;S
20240228;100040;3375.4;30;9707844913;S
20240228;100040;3375.4;130;9707844914;S
20240228;100040;3375.4;5;9707845091;S
20240228;100041;3375.4;19;9707845193;S
20240228;100041;3375.4;5;9707845319;S
20240228;100041;3375.6;2;9707845415;B
20240228;100041;3376.2;1;9707845416;B
20240228;100041;3376.6;5;9707845417;B
20240228;100041;3375.4;10;9707845498;S
20240228;100042;3376.2;1;9707845534;B
20240228;100042;3375.4;111;9707845600;S
20240228;100042;3375.6;1;9707845715;B
20240228;100042;3375.4;27;9707845754;S
20240228;100042;3375.6;15;9707845772;B
20240228;100043;3375.6;6;9707846006;B
20240228;100043;3375.8;1;9707846007;B
20240228;100043;3375.6;90;9707846059;B
20240228;100043;3375.6;10;9707846060;B
20240228;100044;3375.4;10;9707846095;S
20240228;100044;3375.4;20;9707846322;S
20240228;100045;3375.4;5;9707846376;S
20240228;100045;3375.4;71;9707846433;S
20240228;100045;3375.6;5;9707846482;B
20240228;100045;3375.6;5;9707846483;B
20240228;100045;3376;18;9707846484;B
20240228;100046;3375.6;54;9707846611;B
20240228;100046;3375.6;60;9707846646;B
20240228;100046;3375.4;10;9707846660;S
20240228;100046;3375.4;20;9707846681;S
20240228;100046;3375.4;25;9707846724;S
20240228;100047;3375.4;250;9707847031;S
20240228;100048;3375.4;1;9707847235;S
20240228;100049;3375.6;29;9707847352;B
20240228;100049;3375.4;29;9707847396;S
20240228;100049;3375.4;30;9707847493;S
20240228;100049;3375.4;100;9707847494;S
20240228;100049;3375.4;20;9707847495;S
20240228;100049;3375.4;5;9707847589;S
20240228;100050;3375.6;1;9707847684;B
20240228;100050;3375.4;50;9707847857;S
20240228;100051;3373.2;2;9707847970;B
20240228;100051;3374;90;9707847971;B
20240228;100051;3374.2;31;9707847972;B
20240228;100052;3373;4;9707848198;S
20240228;100052;3371.6;1;9707848199;S
20240228;100052;3371.6;1;9707848289;S
20240228;100052;3373.4;1;9707848318;B
20240228;100052;3373.8;1;9707848330;B
20240228;100054;3371.4;30;9707848783;S
20240228;100054;3371.4;120;9707848784;S
20240228;100054;3373.2;5;9707848821;B
20240228;100054;3373.2;1;9707848851;S
20240228;100054;3373.2;2;9707848918;S
20240228;100054;3371.2;3;9707848919;S
20240228;100056;3372;23;9707849338;S
20240228;100059;3373;1;9707850343;B
20240228;100059;3373;50;9707850439;B
20240228;100059;3373.2;5;9707850440;B
20240228;100100;3373.8;5;9707850782;B
20240228;100100;3374.2;90;9707850783;B
20240228;100100;3374.4;30;9707850784;B
20240228;100100;3373.4;3;9707850847;S
20240228;100100;3374.2;30;9707850946;B
20240228;100100;3374.2;2;9707850953;B
20240228;100100;3374.4;1;9707851108;B
20240228;100101;3374.4;24;9707851477;B
20240228;100104;3373.6;1;9707852360;S
20240228;100107;3373.8;51;9707852997;B
20240228;100107;3374;4;9707852998;B
20240228;100107;3374.2;5;9707852999;B
20240228;100108;3373.6;4;9707853321;S
20240228;100108;3373.4;2;9707853328;S
20240228;100109;3373.6;1;9707853649;B
20240228;100109;3373.8;1;9707853650;B
20240228;100111;3374;18;9707853949;S
20240228;100112;3373.6;4;9707854123;B
20240228;100113;3373.6;6;9707854442;S
20240228;100113;3373.4;294;9707854443;S
20240228;100115;3373.4;10;9707854859;S
20240228;100116;3373.6;25;9707855113;B
20240228;100117;3373.4;10;9707855315;S
20240228;100119;3373.4;50;9707855568;S
20240228;100119;3373.4;10;9707855569;S
20240228;100119;3373.4;50;9707855584;S
20240228;100119;3373.4;60;9707855585;S
20240228;100119;3373.4;236;9707855586;S
20240228;100119;3373.4;60;9707855587;S
20240228;100119;3373.4;55;9707855588;S
20240228;100120;3373.4;10;9707855704;S
20240228;100122;3373.4;182;9707856183;S
20240228;100123;3373.4;2;9707856280;S
20240228;100124;3373.4;5;9707856519;S
20240228;100128;3373.4;10;9707857299;S
20240228;100128;3373.4;5;9707857312;S
20240228;100129;3373.4;100;9707857533;S
20240228;100130;3373.4;1;9707857671;S
20240228;100130;3373.4;1;9707857732;S
20240228;100131;3373.4;1;9707857915;S
20240228;100132;3373.4;7;9707858136;S
20240228;100132;3373.4;5;9707858137;S
20240228;100132;3373.4;200;9707858138;S
20240228;100132;3373.4;38;9707858139;S
20240228;100132;3373.4;1;9707858257;S
20240228;100134;3373.6;10;9707858602;B
20240228;100135;3373.6;20;9707859084;B
20240228;100137;3373.6;15;9707859466;B
20240228;100140;3373.4;1;9707860129;S
20240228;100143;3373;48;9707860558;S
20240228;100143;3373;1;9707860559;S
20240228;100143;3372;7;9707860599;S
20240228;100143;3372;5;9707860600;S
20240228;100143;3370;1;9707860601;S
20240228;100143;3370;2;9707860602;S
20240228;100147;3370;48;9707861795;S
20240228;100147;3369.2;83;9707861796;S
20240228;100147;3369;169;9707861797;S
20240228;100147;3369.8;16;9707861876;B
20240228;100147;3371.2;90;9707861877;B
20240228;100147;3371.4;1;9707861878;B
20240228;100147;3371.4;51;9707861879;B
20240228;100147;3371.6;177;9707861880;B
20240228;100147;3371.8;180;9707861881;B
20240228;100147;3371.8;40;9707861882;S
20240228;100147;3371.8;30;9707861893;S
20240228;100148;3371.8;10;9707862154;S
20240228;100151;3372;1;9707862735;B
20240228;100152;3371.8;17;9707862885;S
20240228;100152;3371.8;5;9707862899;S
20240228;100152;3372;6;9707863051;B
20240228;100157;3372;1;9707863858;B
20240228;100157;3371.8;400;9707863928;S
20240228;100200;3371.8;388;9707864514;S
20240228;100200;3371.8;12;9707864515;S
20240228;100203;3371.8;10;9707864978;S
20240228;100204;3371.8;10;9707865286;S
20240228;100205;3371.8;152;9707865523;S
20240228;100205;3370.6;38;9707865524;S
20240228;100209;3370;6;9707866669;S
20240228;100209;3369.2;19;9707866670;S
20240228;100209;3369.2;1;9707866671;S
20240228;100209;3369;2;9707866672;S
20240228;100209;3369.2;19;9707866673;B
20240228;100211;3369.2;1;9707866981;B
20240228;100211;3369.2;1;9707866987;B
20240228;100217;3369;19;9707868002;S
20240228;100217;3369;100;9707868003;S
20240228;100217;3369;3;9707868004;S
20240228;100217;3369;85;9707868005;S
20240228;100217;3368.8;40;9707868006;S
20240228;100217;3367.8;60;9707868007;S
20240228;100217;3367.8;150;9707868008;S
20240228;100217;3367.6;43;9707868009;S
20240228;100217;3367.4;31;9707868010;S
20240228;100221;3369.2;42;9707868704;S
20240228;100221;3369;1;9707868705;S
20240228;100225;3369.6;1;9707869372;S
20240228;100230;3369.8;3;9707870085;B
20240228;100231;3369.6;12;9707870435;S
20240228;100231;3369.8;1;9707870446;B
20240228;100235;3369.6;8;9707871282;S
20240228;100236;3369.4;1;9707871365;S
20240228;100237;3369.6;10;9707871488;B
20240228;100238;3369.4;7;9707871879;S
20240228;100241;3369.6;1;9707872285;B
20240228;100242;3369.6;16;9707872420;B
20240228;100243;3369.8;86;9707872671;B
20240228;100243;3369.8;80;9707872672;B
20240228;100243;3369.8;10;9707872673;B
20240228;100243;3369.8;4;9707872674;B
20240228;100243;3370;1;9707872675;B
20240228;100243;3370;44;9707872676;B
20240228;100243;3370;20;9707872677;B
20240228;100243;3370;121;9707872678;B
20240228;100243;3370;500;9707872679;B
20240228;100243;3370.4;19;9707872680;B
20240228;100243;3371;30;9707872681;S
20240228;100243;3371;60;9707872682;S
20240228;100245;3371.6;1;9707873074;S
20240228;100247;3371.6;9;9707873349;S
20240228;100247;3371;16;9707873350;S
20240228;100250;3371.6;10;9707873820;S
20240228;100250;3371;53;9707873833;S
20240228;100250;3371;19;9707873883;S
20240228;100253;3370;11;9707874166;S
20240228;100253;3370;30;9707874167;S
20240228;100256;3370.4;2;9707874673;B
20240228;100256;3371;1;9707874674;B
20240228;100256;3371.2;1;9707874675;B
20240228;100256;3371.4;6;9707874676;B
20240228;100303;3370.8;1;9707875550;B
20240228;100306;3370.8;89;9707876189;B
20240228;100306;3371;111;9707876190;B
20240228;100308;3371;1;9707876532;B
20240228;100308;3370.8;2;9707876546;B
20240228;100309;3370;4;9707876734;S
20240228;100309;3370.8;40;9707876825;B
20240228;100309;3371;9;9707876826;B
20240228;100313;3370.4;10;9707877284;S
20240228;100313;3370.2;1;9707877285;S
20240228;100316;3370;10;9707877767;S
20240228;100319;3370.2;9;9707878310;B
20240228;100319;3370.2;1;9707878311;B
20240228;100319;3370.8;100;9707878312;B
20240228;100319;3371;198;9707878313;B
20240228;100321;3371;80;9707878557;S
20240228;100324;3371.2;1;9707879065;S
20240228;100325;3371.2;9;9707879335;S
20240228;100330;3370.2;1;9707880264;S
20240228;100330;3370.4;1;9707880331;B
20240228;100330;3370.2;2;9707880350;S
20240228;100334;3370.4;24;9707881097;B
20240228;100334;3370.4;3;9707881123;S
20240228;100335;3371.2;1;9707881471;B
20240228;100335;3371.2;1;9707881472;B
20240228;100335;3371.4;5;9707881473;B
20240228;100335;3371.4;13;9707881474;B
20240228;100335;3371.4;1;9707881475;B
20240228;100335;3371.4;7;9707881476;B
20240228;100336;3370.4;1;9707881714;S
20240228;100339;3371.2;1;9707882537;B
20240228;100341;3371.2;1;9707883038;S
20240228;100346;3371.4;10;9707884079;B
20240228;100346;3371.4;10;9707884158;B
20240228;100350;3371.4;3;9707884913;B
20240228;100350;3371.4;19;9707884922;S
20240228;100350;3371.4;3;9707884923;S
20240228;100352;3371.4;1;9707885294;S
20240228;100359;3371.2;2;9707886538;S
20240228;100400;3371.6;1;9707886699;B
20240228;100400;3371.6;10;9707886700;B
20240228;100400;3371.6;3;9707886701;B
20240228;100405;3371.8;1;9707887784;B
20240228;100405;3371.8;49;9707887785;B
20240228;100406;3371.6;19;9707887938;S
20240228;100408;3371.8;1;9707888642;B
20240228;100417;3371.8;4;9707890441;B
20240228;100421;3371.6;1;9707891129;S
20240228;100425;3371.6;4;9707891817;S
20240228;100426;3371.8;3;9707891897;B
20240228;100426;3371.6;10;9707892060;S
20240228;100427;3371.6;14;9707892090;S
20240228;100427;3371.6;50;9707892091;S
20240228;100427;3371.6;1;9707892092;S
20240228;100427;3371.6;1;9707892093;S
20240228;100427;3371.6;4;9707892094;S
20240228;100427;3371.8;15;9707892100;B
20240228;100433;3371.6;196;9707893241;S
20240228;100433;3371.6;10;9707893242;S
20240228;100433;3371.6;1;9707893243;S
20240228;100433;3371.6;10;9707893244;S
20240228;100433;3371.4;10;9707893245;S
20240228;100433;3371.4;1;9707893246;S
20240228;100433;3371.4;1;9707893247;S
20240228;100433;3371.2;21;9707893248;S
20240228;100433;3371.2;40;9707893249;S
20240228;100433;3371.2;5;9707893250;S
20240228;100433;3371.2;25;9707893251;S
20240228;100433;3371;1;9707893298;S
20240228;100436;3371;5;9707893967;B
20240228;100436;3371.2;11;9707893968;B
20240228;100436;3371.2;51;9707893969;B
20240228;100436;3371.4;60;9707893970;B
20240228;100436;3371.8;1;9707893971;B
20240228;100436;3371.8;10;9707893972;B
20240228;100436;3371.8;102;9707893973;B
20240228;100442;3371;10;9707894946;B
20240228;100444;3371.8;1;9707895196;B
20240228;100444;3371.8;1;9707895261;B
20240228;100446;3371.4;1;9707895450;S
20240228;100446;3371.4;1;9707895451;S
20240228;100452;3371.8;196;9707896388;B
20240228;100452;3371.8;131;9707896389;B
20240228;100452;3371.8;5;9707896390;B
20240228;100452;3372;25;9707896391;B
20240228;100452;3372;15;9707896392;B
20240228;100452;3372;1;9707896393;B
20240228;100452;3372;60;9707896394;B
20240228;100452;3372.2;10;9707896395;B
20240228;100452;3372.4;10;9707896396;B
20240228;100452;3372.6;22;9707896397;B
20240228;100458;3372;3;9707897514;B
20240228;100458;3372.4;7;9707897697;S
20240228;100458;3372.2;8;9707897698;S
20240228;100500;3372;6;9707898171;S
20240228;100501;3372;8;9707898333;B
20240228;100502;3372;15;9707898381;B
20240228;100502;3372;14;9707898458;B
20240228;100506;3371.6;6;9707899129;S
20240228;100506;3371.6;10;9707899130;S
20240228;100506;3371.6;10;9707899131;S
20240228;100506;3371.6;5;9707899132;S
20240228;100506;3371.4;30;9707899133;S
20240228;100506;3371.4;6;9707899134;S
20240228;100506;3371.2;16;9707899135;S
20240228;100506;3371.2;9;9707899136;S
20240228;100506;3371.2;8;9707899137;S
20240228;100508;3371.2;2;9707899604;S
20240228;100508;3371.2;90;9707899605;S
20240228;100508;3371.2;4;9707899606;S
20240228;100508;3371.2;4;9707899607;S
20240228;100509;3371.2;2;9707899804;S
20240228;100509;3371;90;9707899805;S
20240228;100509;3370.8;6;9707899806;S
20240228;100509;3370.6;2;9707899807;S
20240228;100514;3371.2;5;9707900786;B
20240228;100514;3371.4;3;9707900787;B
20240228;100515;3370.4;1;9707900889;S
20240228;100515;3370.4;2;9707900890;S
20240228;100516;3371.4;1;9707901047;B
20240228;100518;3370.8;10;9707901367;B
20240228;100518;3370.6;2;9707901476;S
20240228;100519;3370.8;10;9707901707;B
20240228;100519;3371;5;9707901708;B
20240228;100519;3371;5;9707901709;B
20240228;100519;3371.2;10;9707901710;B
20240228;100519;3371.2;5;9707901711;B
20240228;100519;3371.4;4;9707901712;B
20240228;100519;3371.8;2;9707901713;B
20240228;100519;3371.8;5;9707901714;B
20240228;100519;3371.8;16;9707901715;B
20240228;100519;3372;22;9707901716;B
20240228;100519;3372;10;9707901717;B
20240228;100519;3372;48;9707901718;B
20240228;100519;3372;40;9707901719;B
20240228;100519;3372.2;15;9707901720;B
20240228;100519;3372.6;28;9707901721;B
20240228;100519;3372.6;31;9707901722;B
20240228;100519;3372.8;60;9707901723;B
20240228;100519;3373;4;9707901724;B
20240228;100519;3373;2;9707901725;B
20240228;100519;3373;30;9707901726;B
20240228;100519;3373;3;9707901727;B
20240228;100519;3373.2;5;9707901728;B
20240228;100519;3373.2;15;9707901729;B
20240228;100519;3373.4;15;9707901730;B
20240228;100519;3373.4;5;9707901731;B
20240228;100519;3373.4;1;9707901732;B
20240228;100519;3373.4;10;9707901733;B
20240228;100519;3373.4;1;9707901734;B
20240228;100519;3373.4;10;9707901735;B
20240228;100519;3373.4;50;9707901736;B
20240228;100519;3373.4;3;9707901737;B
20240228;100519;3373.4;10;9707901738;B
20240228;100520;3373.2;31;9707901844;B
20240228;100521;3372.4;2;9707902051;S
20240228;100521;3372.4;2;9707902102;S
20240228;100522;3372.4;2;9707902291;S
20240228;100522;3372.4;2;9707902349;S
20240228;100522;3372.4;2;9707902421;S
20240228;100524;3371.8;1;9707902774;S
20240228;100524;3371.6;1;9707902775;S
20240228;100524;3371.6;1;9707902808;S
20240228;100524;3371.4;1;9707902809;S
20240228;100524;3371.4;2;9707902843;S
20240228;100525;3371.2;2;9707902901;S
20240228;100525;3371.2;2;9707902984;S
20240228;100525;3372.6;3;9707903051;B
20240228;100525;3371.4;2;9707903053;S
20240228;100526;3371.6;2;9707903221;S
20240228;100528;3371.2;2;9707903793;S
20240228;100529;3371.2;2;9707903864;S
20240228;100529;3371.2;2;9707903980;S
20240228;100529;3371.2;2;9707904017;S
20240228;100529;3371.2;2;9707904057;S
20240228;100530;3371.2;1;9707904070;S
20240228;100530;3371.2;2;9707904071;S
20240228;100530;3371.2;2;9707904116;S
20240228;100533;3371.2;2;9707904550;S
20240228;100533;3371.4;2;9707904599;S
20240228;100533;3371.4;2;9707904638;S
20240228;100534;3371.4;2;9707904683;S
20240228;100534;3371.4;2;9707904731;S
20240228;100534;3371.2;2;9707904784;S
20240228;100534;3371.2;2;9707904814;S
20240228;100535;3371.2;2;9707904862;S
20240228;100536;3371.2;2;9707905092;S
20240228;100536;3371.2;2;9707905158;S
20240228;100537;3371.2;2;9707905278;S
20240228;100537;3371.2;2;9707905324;S
20240228;100537;3371.2;2;9707905348;S
20240228;100537;3371.2;2;9707905370;S
20240228;100537;3371.2;2;9707905411;S
20240228;100538;3371;1;9707905440;S
20240228;100538;3370.6;1;9707905441;S
20240228;100538;3370.2;2;9707905500;S
20240228;100538;3370.4;50;9707905501;B
20240228;100538;3370.2;2;9707905526;S
20240228;100538;3370.2;15;9707905536;S
20240228;100538;3370.2;2;9707905563;S
20240228;100539;3370.2;1;9707905617;S
20240228;100539;3370.2;1;9707905618;S
20240228;100539;3370.4;2;9707905674;S
20240228;100539;3370.4;2;9707905742;S
20240228;100539;3370.4;2;9707905829;S
20240228;100539;3370.4;2;9707905850;S
20240228;100540;3370.4;2;9707905877;S
20240228;100540;3370.2;2;9707905908;S
20240228;100540;3370.2;5;9707905955;S
20240228;100540;3370.2;3;9707905956;S
20240228;100541;3370.2;2;9707906109;S
20240228;100541;3370.2;2;9707906229;S
20240228;100542;3370.2;2;9707906257;S
20240228;100542;3370.2;2;9707906303;S
20240228;100542;3370.2;2;9707906381;S
20240228;100542;3370.2;2;9707906421;S
20240228;100542;3370.2;2;9707906477;S
20240228;100543;3370.2;5;9707906585;S
20240228;100544;3370.6;2;9707906886;S
20240228;100546;3370.8;1;9707907152;B
20240228;100546;3370.8;10;9707907153;B
20240228;100547;3370.8;2;9707907418;S
20240228;100548;3370.8;1;9707907537;S
20240228;100549;3370.6;28;9707908111;S
20240228;100549;3370.2;15;9707908112;S
20240228;100549;3370.2;90;9707908113;S
20240228;100549;3370;8;9707908114;S
20240228;100549;3370;9;9707908115;S
20240228;100549;3370;1;9707908251;S
20240228;100549;3370;1;9707908252;S
20240228;100550;3370;2;9707908320;S
20240228;100550;3370.4;10;9707908350;B
20240228;100550;3370;2;9707908373;S
20240228;100550;3370;2;9707908423;S
20240228;100550;3370;2;9707908503;S
20240228;100551;3370;2;9707908532;S
20240228;100551;3370;2;9707908553;S
20240228;100551;3370.6;25;9707908652;B
20240228;100552;3370.2;2;9707908814;S
20240228;100553;3370.2;2;9707908993;S
20240228;100553;3370.2;2;9707909022;S
20240228;100553;3370.2;2;9707909064;S
20240228;100553;3370.2;2;9707909159;S
20240228;100554;3370.2;2;9707909205;S
20240228;100555;3370.2;15;9707909436;S
20240228;100555;3370.2;24;9707909448;S
20240228;100555;3370;3;9707909449;S
20240228;100556;3370.2;2;9707909638;S
20240228;100556;3370.2;2;9707909680;S
20240228;100557;3370.2;2;9707909712;S
20240228;100557;3370.2;2;9707909759;S
20240228;100557;3370;2;9707909828;S
20240228;100557;3370;2;9707909873;S
20240228;100557;3370;2;9707909919;S
20240228;100558;3370;2;9707909971;S
20240228;100600;3370;15;9707910308;S
20240228;100601;3370;2;9707910453;S
20240228;100601;3370;2;9707910502;S
20240228;100601;3370;2;9707910541;S
20240228;100601;3370;2;9707910575;S
20240228;100602;3370;2;9707910605;S
20240228;100602;3370;2;9707910635;S
20240228;100602;3370;1;9707910678;S
20240228;100602;3370;1;9707910679;S
20240228;100602;3370;1;9707910720;S
20240228;100602;3370;1;9707910721;S
20240228;100602;3370;2;9707910765;S
20240228;100603;3370;38;9707910897;S
20240228;100605;3370;2;9707911099;S
20240228;100605;3370;2;9707911146;S
20240228;100605;3370;2;9707911192;S
20240228;100605;3370;2;9707911240;S
20240228;100606;3370;2;9707911316;S
20240228;100606;3370;2;9707911373;S
20240228;100606;3370;2;9707911403;S
20240228;100606;3370;2;9707911486;S
20240228;100606;3370;2;9707911559;S
20240228;100607;3370;2;9707911622;S
20240228;100607;3370;2;9707911705;S
20240228;100607;3370;2;9707911812;S
20240228;100607;3370;2;9707911866;S
20240228;100608;3370;2;9707911908;S
20240228;100608;3369.8;2;9707911953;S
20240228;100608;3369.8;1;9707912062;S
20240228;100608;3369.8;1;9707912063;S
20240228;100608;3369.8;2;9707912103;S
20240228;100608;3369.8;2;9707912138;S
20240228;100609;3369.8;2;9707912176;S
20240228;100609;3369.8;2;9707912233;S
20240228;100610;3370;2;9707912582;B
20240228;100610;3369.8;2;9707912668;S
20240228;100610;3369.6;2;9707912718;S
20240228;100611;3369.6;2;9707912751;S
20240228;100611;3369.6;2;9707912869;S
20240228;100611;3369.6;2;9707912918;S
20240228;100611;3369.6;2;9707913002;S
20240228;100612;3369.6;2;9707913071;S
20240228;100612;3369.6;2;9707913136;S
20240228;100612;3369.6;2;9707913204;S
20240228;100612;3369.6;2;9707913316;S
20240228;100612;3369.6;2;9707913359;S
20240228;100612;3369.6;8;9707913360;S
20240228;100613;3369.6;2;9707913426;S
20240228;100613;3369.6;2;9707913473;S
20240228;100613;3369.6;2;9707913527;S
20240228;100613;3369.6;2;9707913565;S
20240228;100613;3369.6;2;9707913593;S
20240228;100614;3369.6;2;9707913620;S
20240228;100614;3369.6;2;9707913651;S
20240228;100614;3369.6;2;9707913693;S
20240228;100614;3369.8;20;9707913694;B
20240228;100614;3369.6;5;9707913740;S
20240228;100615;3369.6;2;9707913752;S
20240228;100615;3369.6;2;9707913754;S
20240228;100615;3369.6;2;9707913843;S
20240228;100615;3369.6;2;9707913908;S
20240228;100615;3369.6;2;9707913956;S
20240228;100619;3370.2;2;9707914549;B
20240228;100619;3370.8;8;9707914550;B
20240228;100619;3369.8;2;9707914656;S
20240228;100620;3369.8;2;9707914676;S
20240228;100620;3369.8;2;9707914716;S
20240228;100620;3369.6;2;9707914748;S
20240228;100620;3369.6;2;9707914829;S
20240228;100621;3369.6;2;9707914861;S
20240228;100621;3369.6;2;9707914906;S
20240228;100621;3369.6;2;9707914943;S
20240228;100621;3369.6;15;9707914944;S
20240228;100621;3369.8;1;9707914955;B
20240228;100621;3369.6;2;9707914971;S
20240228;100621;3369.6;2;9707915005;S
20240228;100622;3369.6;2;9707915027;S
20240228;100622;3369.6;2;9707915081;S
20240228;100622;3369.6;2;9707915106;S
20240228;100622;3369.6;2;9707915169;S
20240228;100623;3369.6;2;9707915208;S
20240228;100623;3369.6;2;9707915225;S
20240228;100624;3369.6;9;9707915445;S
20240228;100624;3369.4;7;9707915446;S
20240228;100624;3369.4;45;9707915447;S
20240228;100624;3369.2;25;9707915448;S
20240228;100624;3369;149;9707915449;S
20240228;100624;3369;51;9707915450;S
20240228;100624;3369;29;9707915451;S
20240228;100624;3368.8;1;9707915452;S
20240228;100624;3368.8;6;9707915453;S
20240228;100624;3368.6;60;9707915454;S
20240228;100624;3368.6;15;9707915455;S
20240228;100624;3368.4;40;9707915456;S
20240228;100624;3368;10;9707915457;S
20240228;100624;3368;5;9707915458;S
20240228;100624;3368;40;9707915459;S
20240228;100624;3367.8;8;9707915460;S
20240228;100625;3367.6;5;9707915614;S
20240228;100625;3367.6;5;9707915615;S
20240228;100625;3367.6;3;9707915616;S
20240228;100625;3367.6;48;9707915624;S
20240228;100625;3367.4;5;9707915625;S
20240228;100625;3367.4;1;9707915626;S
20240228;100625;3367.4;9;9707915627;S
20240228;100625;3367.2;10;9707915628;S
20240228;100625;3367.2;27;9707915629;S
20240228;100625;3367.6;50;9707915635;B
20240228;100626;3367.8;12;9707915705;B
20240228;100626;3367;5;9707915729;S
20240228;100626;3367;2;9707915730;S
20240228;100626;3367;23;9707915731;S
20240228;100626;3367.6;5;9707915778;B
20240228;100626;3367.8;2;9707915779;B
20240228;100627;3366.8;7;9707915862;S
20240228;100629;3366.8;3;9707916279;S
20240228;100629;3366.8;10;9707916280;S
20240228;100629;3366.8;40;9707916281;S
20240228;100629;3366.8;8;9707916282;S
20240228;100629;3366.6;50;9707916283;S
20240228;100629;3366.4;44;9707916284;S
20240228;100629;3366.4;50;9707916285;S
20240228;100629;3366.4;10;9707916286;S
20240228;100629;3366.4;44;9707916287;S
20240228;100629;3366.2;15;9707916288;S
20240228;100629;3366;50;9707916289;S
20240228;100629;3366;100;9707916290;S
20240228;100629;3366;1;9707916291;S
20240228;100629;3366;50;9707916292;S
20240228;100629;3365.8;4;9707916293;S
20240228;100629;3365.8;21;9707916294;S
20240228;100630;3366.6;2;9707916605;B
20240228;100630;3366.6;3;9707916701;B
20240228;100634;3366.2;41;9707917283;S
20240228;100634;3366.2;8;9707917284;S
20240228;100634;3366;51;9707917285;S
20240228;100634;3365.8;15;9707917286;S
20240228;100634;3365.6;16;9707917287;S
20240228;100634;3365.6;39;9707917288;S
20240228;100638;3366.4;10;9707918007;S
20240228;100638;3366.2;1;9707918008;S
20240228;100638;3366.2;8;9707918009;S
20240228;100638;3366;172;9707918010;S
20240228;100638;3365.8;41;9707918011;S
20240228;100638;3365.6;15;9707918012;S
20240228;100638;3365.4;10;9707918013;S
20240228;100638;3365.2;60;9707918014;S
20240228;100638;3365.2;40;9707918015;S
20240228;100638;3365;1;9707918016;S
20240228;100638;3365;3;9707918017;S
20240228;100638;3365;30;9707918018;S
20240228;100638;3365;2;9707918019;S
20240228;100638;3365;5;9707918020;S
20240228;100638;3365;10;9707918021;S
20240228;100638;3365;10;9707918022;S
20240228;100638;3365;82;9707918023;S
20240228;100638;3366;10;9707918079;B
20240228;100639;3365;2;9707918173;S
20240228;100639;3365;12;9707918179;S
20240228;100639;3365;10;9707918180;S
20240228;100639;3365;10;9707918181;S
20240228;100639;3364.8;41;9707918182;S
20240228;100639;3364.6;8;9707918183;S
20240228;100639;3364.4;40;9707918184;S
20240228;100639;3364.2;34;9707918185;S
20240228;100639;3364.2;2;9707918215;S
20240228;100639;3364.2;2;9707918246;S
20240228;100640;3364.2;2;9707918269;S
20240228;100640;3364.2;2;9707918306;S
20240228;100640;3364.2;2;9707918336;S
20240228;100640;3364.2;2;9707918358;S
20240228;100640;3364.8;20;9707918394;B
20240228;100641;3364.8;20;9707918435;B
20240228;100641;3365;140;9707918496;B
20240228;100641;3365.6;2;9707918519;S
20240228;100641;3366.2;5;9707918520;B
20240228;100641;3366.2;8;9707918521;B
20240228;100641;3366;2;9707918551;S
20240228;100641;3366;2;9707918583;S
20240228;100642;3366.2;20;9707918746;B
20240228;100642;3366.4;19;9707918836;B
20240228;100642;3366.4;8;9707918837;B
20240228;100643;3366.4;19;9707918875;B
20240228;100643;3366.2;3;9707918884;S
20240228;100643;3366.2;47;9707918890;S
20240228;100643;3366.2;39;9707918891;S
20240228;100643;3365.8;5;9707918892;S
20240228;100643;3365.8;50;9707918893;S
20240228;100643;3365.6;8;9707918894;S
20240228;100643;3365.4;60;9707918895;S
20240228;100643;3365.4;13;9707918896;S
20240228;100643;3365;15;9707918897;S
20240228;100643;3364.6;60;9707918898;S
20240228;100643;3364.4;44;9707918899;S
20240228;100643;3364.2;90;9707918900;S
20240228;100643;3364;10;9707918901;S
20240228;100643;3364;59;9707918902;S
20240228;100643;3364.8;42;9707918928;B
20240228;100643;3364.6;2;9707918948;B
20240228;100643;3365.4;9;9707918949;B
20240228;100644;3365.4;2;9707919084;S
20240228;100644;3365;3;9707919089;S
20240228;100644;3364.4;2;9707919117;S
20240228;100644;3364.4;2;9707919176;S
20240228;100645;3364.6;2;9707919414;B
20240228;100645;3365.4;2;9707919415;B
20240228;100646;3365.6;2;9707919689;B
20240228;100647;3365.4;2;9707919916;S
20240228;100647;3365.4;2;9707919965;S
20240228;100647;3365.6;16;9707919966;B
20240228;100647;3365.8;74;9707919967;B
20240228;100647;3365.8;16;9707919968;B
20240228;100647;3365.4;1;9707920012;S
20240228;100647;3365;1;9707920013;S
20240228;100647;3365.4;2;9707920045;S
20240228;100648;3365;2;9707920110;S
20240228;100648;3365;2;9707920153;S
20240228;100648;3365;2;9707920174;S
20240228;100648;3366;40;9707920202;S
20240228;100648;3366;34;9707920203;S
20240228;100648;3365.2;8;9707920204;S
20240228;100648;3365;5;9707920205;S
20240228;100648;3364.8;5;9707920206;S
20240228;100648;3364.4;60;9707920207;S
20240228;100648;3364.4;15;9707920208;S
20240228;100648;3363.6;200;9707920209;S
20240228;100648;3363.4;1;9707920210;S
20240228;100648;3363.4;60;9707920211;S
20240228;100648;3363.2;200;9707920212;S
20240228;100648;3363.2;100;9707920213;S
20240228;100648;3363;51;9707920214;S
20240228;100648;3362.4;30;9707920215;S
20240228;100648;3362.4;10;9707920216;S
20240228;100648;3362.4;60;9707920217;S
20240228;100648;3362.2;40;9707920218;S
20240228;100648;3362;1;9707920219;S
20240228;100648;3362;25;9707920220;S
20240228;100648;3361.8;50;9707920221;S
20240228;100648;3361.6;6;9707920222;S
20240228;100648;3362.2;15;9707920267;S
20240228;100648;3361.8;5;9707920268;S
20240228;100649;3362;15;9707920331;S
20240228;100649;3362;24;9707920332;S
20240228;100649;3361.8;71;9707920333;S
20240228;100649;3361.8;52;9707920334;S
20240228;100649;3361.4;50;9707920335;S
20240228;100649;3361.4;48;9707920336;S
20240228;100649;3361.8;14;9707920399;S
20240228;100649;3362;3;9707920463;B
20240228;100649;3362.4;2;9707920467;B
20240228;100649;3362.4;2;9707920469;B
20240228;100649;3362.2;12;9707920507;B
20240228;100649;3362.2;8;9707920508;B
20240228;100650;3362;2;9707920578;B
20240228;100650;3361.8;5;9707920602;S
20240228;100650;3361.8;4;9707920726;S
20240228;100650;3361.6;46;9707920727;S
20240228;100651;3362;8;9707920782;S
20240228;100651;3361.8;2;9707920805;S
20240228;100651;3362.4;2;9707920874;S
20240228;100651;3362.6;90;9707920884;B
20240228;100651;3362.4;2;9707920905;S
20240228;100652;3362.4;2;9707920939;S
20240228;100652;3362.4;2;9707921040;S
20240228;100652;3362.4;2;9707921074;S
20240228;100652;3363.4;2;9707921076;B
20240228;100652;3363.6;2;9707921078;B
20240228;100652;3363.2;2;9707921108;S
20240228;100652;3363.2;1;9707921111;S
20240228;100653;3363.2;2;9707921219;S
20240228;100653;3363.2;1;9707921260;S
20240228;100653;3363;1;9707921261;S
20240228;100653;3363.2;2;9707921290;S
20240228;100654;3363.2;88;9707921385;S
20240228;100654;3363;42;9707921386;S
20240228;100654;3362.8;105;9707921404;B
20240228;100655;3363.8;1;9707921539;B
20240228;100656;3363.4;3;9707921704;S
20240228;100656;3363.4;7;9707921705;S
20240228;100656;3363.6;3;9707921749;S
20240228;100656;3363.4;90;9707921750;S
20240228;100656;3363.4;124;9707921751;S
20240228;100656;3363.2;15;9707921752;S
20240228;100656;3363;99;9707921753;S
20240228;100656;3362.6;60;9707921754;S
20240228;100656;3362.4;1;9707921755;S
20240228;100656;3362.4;68;9707921756;S
20240228;100657;3363.2;90;9707921880;S
20240228;100657;3363;50;9707921881;S
20240228;100657;3362.4;3;9707921882;S
20240228;100658;3362.6;90;9707922034;S
20240228;100658;3362.4;10;9707922035;S
20240228;100701;3362.4;100;9707922493;S
20240228;100701;3362.8;90;9707922528;B
20240228;100702;3362.4;1;9707922736;S
20240228;100703;3362.4;1;9707922768;S
20240228;100703;3362.8;87;9707922853;B
20240228;100704;3362.6;90;9707922988;S
20240228;100704;3362.4;10;9707922989;S
20240228;100706;3363.4;5;9707923323;B
20240228;100706;3363.6;1;9707923324;B
20240228;100706;3363.6;2;9707923325;B
20240228;100706;3362.6;2;9707923401;S
20240228;100707;3362.6;2;9707923453;S
20240228;100707;3362.6;2;9707923480;S
20240228;100707;3362.6;2;9707923557;S
20240228;100707;3362.4;2;9707923639;S
20240228;100708;3362.4;2;9707923706;S
20240228;100708;3362.4;53;9707923723;S
20240228;100708;3362.4;47;9707923724;S
20240228;100708;3362.6;129;9707923726;B
20240228;100708;3362.6;3;9707923796;B
20240228;100708;3362.6;3;9707923797;B
20240228;100708;3362.6;3;9707923798;B
20240228;100708;3362.6;3;9707923799;B
20240228;100709;3361.8;1;9707923850;S
20240228;100709;3361.8;2;9707923914;S
20240228;100711;3362.8;5;9707924284;B
20240228;100711;3362.8;18;9707924285;B
20240228;100711;3361.6;2;9707924375;S
20240228;100711;3361.6;2;9707924442;S
20240228;100712;3361.6;2;9707924473;S
20240228;100712;3361.6;2;9707924513;S
20240228;100712;3362;50;9707924514;B
20240228;100712;3361.6;2;9707924540;S
20240228;100712;3361.6;2;9707924586;S
20240228;100713;3361.4;2;9707924637;S
20240228;100713;3361.2;1;9707924695;S
20240228;100713;3361.2;1;9707924696;S
20240228;100714;3361.2;1;9707924889;S
20240228;100714;3361.2;1;9707924920;B
20240228;100715;3361;2;9707925015;S
20240228;100715;3362.6;1;9707925078;B
20240228;100715;3362.6;10;9707925079;B
20240228;100715;3362.8;2;9707925080;B
20240228;100715;3362.8;5;9707925081;B
20240228;100715;3363;12;9707925082;B
20240228;100716;3361.4;1;9707925194;S
20240228;100716;3361.2;5;9707925195;S
20240228;100717;3361.2;11;9707925310;S
20240228;100717;3361.2;39;9707925311;S
20240228;100718;3362.4;1;9707925475;B
20240228;100720;3361.4;2;9707925845;S
20240228;100720;3362;117;9707925855;B
20240228;100720;3363;8;9707925870;B
20240228;100720;3363;19;9707925871;B
20240228;100720;3363.2;5;9707925872;B
20240228;100720;3363.2;5;9707925873;B
20240228;100720;3363.4;5;9707925875;B
20240228;100720;3363.4;2;9707925876;B
20240228;100720;3363.2;2;9707925878;S
20240228;100720;3363.4;2;9707925917;S
20240228;100722;3363.6;5;9707926411;B
20240228;100724;3363.6;4;9707926792;S
20240228;100724;3363.4;10;9707926793;S
20240228;100724;3363.4;9;9707926794;S
20240228;100724;3363.2;90;9707926795;S
20240228;100724;3363;39;9707926796;S
20240228;100724;3363;148;9707926797;B
20240228;100725;3364;10;9707926915;S
20240228;100725;3363.8;10;9707926916;S
20240228;100725;3363.8;4;9707926917;S
20240228;100725;3363.8;24;9707926918;S
20240228;100725;3362.4;10;9707926919;S
20240228;100725;3362.4;52;9707926920;S
20240228;100725;3361.6;90;9707926921;S
20240228;100725;3362.2;2;9707926991;S
20240228;100726;3362.4;2;9707927077;S
20240228;100726;3362;2;9707927101;S
20240228;100726;3362.6;2;9707927146;S
20240228;100726;3362.6;2;9707927156;S
20240228;100727;3362.6;1;9707927171;S
20240228;100727;3361.8;1;9707927172;S
20240228;100727;3361.8;2;9707927226;S
20240228;100727;3361.8;49;9707927279;S
20240228;100727;3361.8;4;9707927280;S
20240228;100727;3361.6;22;9707927281;S
20240228;100727;3361.6;1;9707927282;S
20240228;100727;3361.4;20;9707927283;S
20240228;100727;3361.4;104;9707927284;B
20240228;100727;3361.2;1;9707927384;S
20240228;100728;3361.2;2;9707927439;S
20240228;100728;3361.2;2;9707927471;S
20240228;100728;3361.2;2;9707927550;S
20240228;100728;3361.2;1;9707927565;S
20240228;100728;3361.2;2;9707927587;S
20240228;100731;3361.2;2;9707927937;S
20240228;100732;3361.2;2;9707927988;S
20240228;100732;3361.2;2;9707928024;S
20240228;100732;3361.2;2;9707928051;S
20240228;100732;3361.2;2;9707928085;S
20240228;100733;3361.2;2;9707928113;S
20240228;100734;3361.2;2;9707928252;S
20240228;100734;3361;1;9707928253;S
20240228;100734;3361;25;9707928259;S
20240228;100734;3361.2;2;9707928305;S
20240228;100736;3361.2;2;9707928573;S
20240228;100736;3361.2;2;9707928597;S
20240228;100736;3361.2;2;9707928648;S
20240228;100736;3361.2;2;9707928688;S
20240228;100737;3361.2;3;9707928737;S
20240228;100738;3361.2;2;9707928910;S
20240228;100738;3361.2;2;9707929045;S
20240228;100739;3361;22;9707929128;S
20240228;100739;3361;1;9707929129;S
20240228;100739;3361;3;9707929130;S
20240228;100739;3361;1;9707929131;S
20240228;100739;3361;45;9707929132;S
20240228;100739;3361;4;9707929133;S
20240228;100739;3361;90;9707929134;S
20240228;100739;3361;50;9707929135;S
20240228;100740;3361.2;10;9707929320;S
20240228;100743;3361.2;5;9707929854;S
20240228;100743;3361.2;4;9707929855;S
20240228;100743;3361.2;1;9707929856;S
20240228;100745;3361.2;2;9707930068;S
20240228;100745;3361;2;9707930154;S
20240228;100745;3361;2;9707930209;S
20240228;100746;3361.2;2;9707930315;S
20240228;100746;3361.2;2;9707930353;S
20240228;100746;3361;2;9707930378;S
20240228;100746;3361;10;9707930391;S
20240228;100746;3361;2;9707930444;S
20240228;100747;3361;2;9707930476;S
20240228;100747;3361;2;9707930522;S
20240228;100747;3361;25;9707930545;S
20240228;100748;3361;2;9707930658;S
20240228;100748;3361;1;9707930698;S
20240228;100748;3361;1;9707930699;S
20240228;100748;3361;2;9707930744;S
20240228;100748;3361;2;9707930776;S
20240228;100749;3361;2;9707930817;S
20240228;100749;3361;2;9707930861;S
20240228;100749;3361;2;9707930928;S
20240228;100749;3360.8;10;9707930952;S
20240228;100750;3360.8;2;9707931046;S
20240228;100750;3360.8;42;9707931312;S
20240228;100750;3360.6;108;9707931313;S
20240228;100750;3360.8;5;9707931314;B
20240228;100750;3361;88;9707931315;B
20240228;100750;3361;12;9707931375;B
20240228;100751;3360.6;1;9707931639;S
20240228;100751;3361.2;2;9707931813;B
20240228;100753;3361.6;2;9707932194;B
20240228;100753;3361.6;5;9707932195;B
20240228;100753;3361.8;2;9707932197;B
20240228;100753;3361.8;11;9707932198;B
20240228;100753;3362.6;25;9707932268;B
20240228;100753;3363;1;9707932271;B
20240228;100753;3363.4;10;9707932305;B
20240228;100756;3362.8;2;9707932898;S
20240228;100756;3363;2;9707932960;S
20240228;100756;3363;2;9707933000;S
20240228;100757;3363;2;9707933042;S
20240228;100757;3363;2;9707933114;S
20240228;100757;3363;2;9707933260;S
20240228;100757;3362.8;1;9707933261;S
20240228;100757;3362.4;25;9707933262;S
20240228;100757;3362.2;10;9707933263;S
20240228;100757;3361.6;11;9707933264;S
20240228;100757;3361.2;90;9707933265;S
20240228;100757;3361;61;9707933266;S
20240228;100757;3361;23;9707933267;S
20240228;100757;3361;118;9707933268;B
20240228;100757;3361;84;9707933269;B
20240228;100757;3361;75;9707933270;B
20240228;100757;3361.2;15;9707933271;B
20240228;100759;3361.2;1;9707933691;S
20240228;100759;3362;2;9707933692;B
20240228;100800;3361.6;2;9707933802;B
20240228;100800;3362.6;2;9707933861;B
20240228;100800;3362;2;9707933871;S
20240228;100801;3361.4;2;9707933893;S
20240228;100801;3362;2;9707933918;S
20240228;100801;3362.2;2;9707933953;S
20240228;100801;3362;2;9707934002;S
20240228;100804;3363.8;2;9707934540;B
20240228;100804;3363.8;38;9707934541;B
20240228;100804;3364;100;9707934542;B
20240228;100804;3364;11;9707934543;B
20240228;100804;3364.2;52;9707934544;B
20240228;100804;3364.4;2;9707934545;B
20240228;100804;3364.6;15;9707934546;B
20240228;100804;3364.8;14;9707934547;B
20240228;100804;3365;35;9707934656;B
20240228;100804;3365.2;6;9707934657;B
20240228;100804;3365.4;9;9707934658;B
20240228;100811;3365.2;2;9707935761;B
20240228;100813;3365.4;1;9707935994;B
20240228;100813;3365.4;1;9707935995;B
20240228;100813;3365.4;1;9707935996;B
20240228;100813;3365.4;1;9707935997;B
20240228;100813;3365.4;1;9707935998;B
20240228;100813;3365.4;50;9707936165;B
20240228;100814;3365.6;4;9707936173;B
20240228;100814;3365.8;5;9707936174;B
20240228;100814;3366;5;9707936175;B
20240228;100814;3366;20;9707936176;B
20240228;100814;3366;4;9707936177;B
20240228;100814;3366.4;2;9707936303;B
20240228;100815;3366.4;1;9707936644;S
20240228;100816;3367.2;3;9707936675;B
20240228;100818;3367;4;9707937027;B
20240228;100818;3367.2;2;9707937059;B
20240228;100818;3367;60;9707937145;B
20240228;100818;3366.8;1;9707937188;S
20240228;100820;3367;4;9707937482;B
20240228;100820;3366.8;1;9707937540;S
20240228;100820;3366.6;2;9707937541;S
20240228;100820;3366.6;7;9707937542;S
20240228;100822;3366.8;1;9707937971;B
20240228;100822;3367;1;9707937972;B
20240228;100822;3367;2;9707937973;B
20240228;100822;3367;4;9707937974;B
20240228;100822;3367;31;9707937975;S
20240228;100822;3367.2;49;9707937976;B
20240228;100822;3367.2;1;9707937977;B
20240228;100822;3367.2;1;9707937978;B
20240228;100822;3367.4;10;9707937979;B
20240228;100822;3367.4;4;9707937980;B
20240228;100822;3367.8;100;9707937981;B
20240228;100822;3368.2;51;9707937984;B
20240228;100823;3367.6;14;9707938076;S
20240228;100823;3367.4;46;9707938077;S
20240228;100824;3368;2;9707938344;S
20240228;100824;3368;4;9707938345;S
20240228;100824;3368.2;5;9707938346;B
20240228;100825;3368.2;2;9707938562;S
20240228;100825;3368.4;51;9707938563;B
20240228;100826;3368.2;5;9707938679;B
20240228;100826;3368.4;50;9707938686;B
20240228;100826;3368.2;1;9707938730;B
20240228;100827;3368.2;2;9707938813;B
20240228;100831;3368.2;1;9707939408;S
20240228;100831;3368.4;20;9707939410;B
20240228;100831;3368;2;9707939455;S
20240228;100832;3368;10;9707939548;S
20240228;100832;3368.2;5;9707939549;B
20240228;100833;3367.8;25;9707939792;S
20240228;100833;3368;60;9707939793;B
20240228;100836;3367.2;5;9707940331;S
20240228;100840;3366.8;1;9707940839;B
20240228;100843;3366.6;4;9707941590;B
20240228;100843;3367;6;9707941591;B
20240228;100844;3365.4;24;9707941739;S
20240228;100844;3365.4;1;9707941740;S
20240228;100856;3366.2;1;9707943607;B
20240228;100859;3366.2;1;9707943911;B
20240228;100859;3366;3;9707944113;B
20240228;100901;3366;2;9707944364;B
20240228;100901;3366.2;8;9707944371;B
20240228;100901;3367;1;9707944418;B
20240228;100901;3366.8;9;9707944420;S
20240228;100901;3367.6;10;9707944422;B
20240228;100901;3368;10;9707944485;B
20240228;100901;3368;4;9707944486;B
20240228;100902;3368.6;5;9707944496;B
20240228;100902;3369.2;50;9707944683;B
20240228;100902;3369.4;25;9707944684;B
20240228;100904;3369.4;1;9707944927;B
20240228;100904;3369.4;1;9707944928;B
20240228;100905;3369.6;14;9707945188;B
20240228;100907;3369.2;6;9707945503;S
20240228;100907;3368.6;6;9707945504;S
20240228;100908;3368;1;9707945693;S
20240228;100910;3366.8;10;9707946000;S
20240228;100910;3366.6;8;9707946001;S
20240228;100910;3366.6;50;9707946002;S
20240228;100910;3366.6;32;9707946003;S
20240228;100915;3367.4;1;9707946849;B
20240228;100918;3367.8;1;9707947232;B
20240228;100919;3367.2;1;9707947423;S
20240228;100924;3368;60;9707948092;B
20240228;100924;3368;60;9707948093;B
20240228;100927;3367.8;2;9707948477;S
20240228;100927;3367;23;9707948478;S
20240228;100927;3366.8;10;9707948479;S
20240228;100940;3367.6;10;9707950309;B
20240228;100956;3368.2;4;9707952796;B
20240228;100956;3368.4;50;9707952797;B
20240228;100956;3369;8;9707952798;B
20240228;101010;3369;10;9707955023;S
20240228;101010;3369;1;9707955024;S
20240228;101010;3368.8;19;9707955025;S
20240228;101010;3369.4;3;9707955045;B
20240228;101015;3369.6;2;9707955872;B
20240228;101019;3369;1;9707956422;S
20240228;101027;3369.4;2;9707957648;B
20240228;101027;3369.4;3;9707957649;B
20240228;101030;3369.4;5;9707958003;B
20240228;101030;3369.6;3;9707958005;B
20240228;101033;3369.8;30;9707958469;B
20240228;101033;3369.8;1;9707958470;B
20240228;101033;3369.8;2;9707958471;B
20240228;101033;3369.8;1;9707958472;B
20240228;101033;3370;7;9707958473;B
20240228;101033;3370;2;9707958474;B
20240228;101034;3370;2;9707958755;B
20240228;101039;3370.4;1;9707959647;B
20240228;101043;3369.6;50;9707960257;B
20240228;101043;3369.6;5;9707960258;B
20240228;101045;3369.4;7;9707960560;B
20240228;101045;3369.4;8;9707960561;S
20240228;101045;3369.4;10;9707960562;S
20240228;101046;3369;5;9707960697;S
20240228;101046;3369.2;50;9707960698;B
20240228;101049;3368.8;5;9707961091;B
20240228;101049;3369;5;9707961092;B
20240228;101049;3369;4;9707961093;B
20240228;101049;3369;15;9707961094;B
20240228;101049;3369.2;1;9707961095;B
20240228;101050;3369.2;1;9707961241;B
20240228;101051;3369;10;9707961478;B
20240228;101051;3368.8;2;9707961484;B
20240228;101052;3368.6;5;9707961807;B
20240228;101052;3368.8;5;9707961808;B
20240228;101052;3368.8;60;9707961809;B
20240228;101052;3369;3;9707961810;B
20240228;101052;3369;1;9707961811;B
20240228;101052;3369;6;9707961812;B
20240228;101052;3369;2;9707961813;B
20240228;101052;3369.2;15;9707961814;B
20240228;101052;3369.6;3;9707961815;B
20240228;101052;3368.2;30;9707962008;S
20240228;101055;3368.6;11;9707962533;B
20240228;101055;3368.8;1;9707962534;B
20240228;101055;3368.4;5;9707962540;B
20240228;101057;3368.6;5;9707962749;B
20240228;101058;3368.8;5;9707962829;B
20240228;101058;3369;60;9707962830;B
20240228;101058;3369;30;9707962831;B
20240228;101058;3369.2;15;9707962832;B
20240228;101058;3369.6;10;9707962833;B
20240228;101102;3368.8;2;9707963564;B
20240228;101104;3368.6;2;9707964269;B
20240228;101105;3368.6;2;9707964726;B
20240228;101105;3368.8;8;9707964770;B
20240228;101105;3368.8;5;9707964771;B
20240228;101107;3368.8;2;9707965142;B
20240228;101107;3369.2;155;9707965264;B
20240228;101108;3369.2;95;9707965470;B
20240228;101108;3369.2;6;9707965471;B
20240228;101108;3369.2;5;9707965472;B
20240228;101115;3368.6;1;9707966753;S
20240228;101116;3369;1;9707967015;B
20240228;101119;3368.8;5;9707967770;B
20240228;101120;3369;5;9707967962;B
20240228;101120;3369;2;9707967963;B
20240228;101120;3369;5;9707967964;B
20240228;101120;3369;6;9707968166;B
20240228;101120;3369.2;2;9707968167;B
20240228;101120;3369.2;24;9707968168;B
20240228;101120;3369.2;9;9707968169;B
20240228;101123;3368.8;156;9707968603;B
20240228;101123;3368.8;5;9707968604;B
20240228;101123;3369;396;9707968610;B
20240228;101123;3369.2;367;9707968612;B
20240228;101123;3369.2;60;9707968613;B
20240228;101123;3369.4;29;9707968614;B
20240228;101123;3369.4;25;9707968615;B
20240228;101123;3369.6;1;9707968616;B
20240228;101123;3369.6;1;9707968617;B
20240228;101123;3369.6;1;9707968618;B
20240228;101123;3369.6;10;9707968619;B
20240228;101123;3369.6;2;9707968620;B
20240228;101123;3369.6;1;9707968621;B
20240228;101123;3369.6;1;9707968622;B
20240228;101123;3369.6;5;9707968623;B
20240228;101123;3369.8;1;9707968624;B
20240228;101123;3369.8;1;9707968625;B
20240228;101123;3369.8;1;9707968626;B
20240228;101123;3369.8;1;9707968627;B
20240228;101123;3369.8;1;9707968628;B
20240228;101123;3370;19;9707968629;B
20240228;101123;3370;1693;9707968630;B
20240228;101123;3370;427;9707968631;B
20240228;101123;3370;427;9707968632;B
20240228;101123;3370;427;9707968633;B
20240228;101123;3370;116;9707968634;B
20240228;101123;3370;5;9707968635;B
20240228;101123;3370;5;9707968636;B
20240228;101123;3370;30;9707968637;B
20240228;101123;3369.8;1;9707968656;S
20240228;101123;3370;6;9707968806;B
20240228;101124;3369.8;6;9707968943;B
20240228;101124;3370;5000;9707968947;B
20240228;101124;3370;170;9707968948;B
20240228;101124;3370;174;9707968949;B
20240228;101124;3370;15;9707968950;B
20240228;101124;3370;30;9707969014;B
20240228;101124;3370;7;9707969015;B
20240228;101124;3370;15;9707969016;B
20240228;101124;3370;500;9707969021;B
20240228;101124;3370;100;9707969045;B
20240228;101124;3370;400;9707969051;B
20240228;101125;3370;20;9707969058;B
20240228;101125;3370;50;9707969073;B
20240228;101125;3370;400;9707969099;B
20240228;101125;3370;150;9707969108;B
20240228;101125;3370;30;9707969109;B
20240228;101125;3370;6;9707969114;B
20240228;101125;3370;1;9707969121;B
20240228;101125;3370;75;9707969143;B
20240228;101125;3370;30;9707969160;B
20240228;101125;3370;500;9707969186;B
20240228;101125;3370;30;9707969188;B
20240228;101125;3370;10;9707969189;B
20240228;101125;3370;5;9707969194;B
20240228;101125;3370;20;9707969197;B
20240228;101125;3370;30;9707969215;B
20240228;101125;3370;75;9707969217;B
20240228;101125;3370;100;9707969220;B
20240228;101125;3370;3;9707969221;B
20240228;101125;3370;1;9707969261;B
20240228;101125;3370;50;9707969310;B
20240228;101125;3370;100;9707969311;B
20240228;101125;3370;100;9707969313;B
20240228;101125;3370;20;9707969321;B
20240228;101125;3370;6;9707969339;B
20240228;101125;3370;200;9707969340;B
20240228;101125;3370;5;9707969358;B
20240228;101126;3370;2;9707969362;B
20240228;101126;3370;100;9707969369;B
20240228;101126;3370;2100;9707969370;B
20240228;101126;3370;4;9707969371;B
20240228;101126;3370;10;9707969375;B
20240228;101126;3370;2;9707969428;B
20240228;101126;3370;10;9707969436;B
20240228;101126;3370;140;9707969449;B
20240228;101126;3370;4;9707969450;B
20240228;101126;3370;100;9707969451;B
20240228;101126;3370;1;9707969504;B
20240228;101126;3370;300;9707969540;B
20240228;101126;3370;203;9707969541;B
20240228;101126;3370;188;9707969542;B
20240228;101126;3370;47;9707969543;B
20240228;101126;3370;1;9707969555;B
20240228;101126;3370;50;9707969559;B
20240228;101126;3370;6;9707969563;B
20240228;101126;3370;250;9707969566;B
20240228;101126;3370;5;9707969608;B
20240228;101126;3370;30;9707969623;B
20240228;101126;3370;2;9707969639;B
20240228;101126;3370;1;9707969682;B
20240228;101127;3370;5;9707969739;B
20240228;101127;3370;6;9707969806;B
20240228;101127;3370;2;9707969832;B
20240228;101127;3370;1;9707969901;B
20240228;101127;3370;1;9707969902;B
20240228;101127;3370;1;9707969903;B
20240228;101127;3370;250;9707969917;B
20240228;101127;3370;45;9707969919;B
20240228;101127;3370;6;9707969973;B
20240228;101127;3370;1;9707969989;B
20240228;101128;3370;70;9707970068;B
20240228;101128;3370;3;9707970069;B
20240228;101128;3370;5;9707970070;B
20240228;101128;3370.2;10;9707970071;B
20240228;101128;3370.2;1;9707970072;B
20240228;101128;3371;14;9707970073;B
20240228;101128;3371;5;9707970074;B
20240228;101128;3371.4;1;9707970075;B
20240228;101128;3371.4;180;9707970076;B
20240228;101128;3371.4;11;9707970111;S
20240228;101128;3371.4;15;9707970112;S
20240228;101128;3370.6;19;9707970113;S
20240228;101128;3370.6;6;9707970114;S
20240228;101128;3370.4;90;9707970115;S
20240228;101128;3370.4;50;9707970116;S
20240228;101128;3370;50;9707970117;S
20240228;101128;3370;84;9707970118;S
20240228;101128;3370;1;9707970140;B
20240228;101128;3370;174;9707970152;B
20240228;101128;3371.2;19;9707970153;B
20240228;101128;3372;3;9707970154;B
20240228;101128;3372;4;9707970155;B
20240228;101129;3372;5;9707970263;B
20240228;101129;3372;46;9707970264;B
20240228;101129;3371;1;9707970434;S
20240228;101132;3371.2;2;9707971152;S
20240228;101132;3371;1;9707971153;S
20240228;101135;3371.2;2;9707971836;B
20240228;101136;3371.2;2;9707971930;B
20240228;101136;3371.2;2;9707972011;B
20240228;101137;3371.2;2;9707972095;B
20240228;101137;3371.6;2;9707972143;B
20240228;101138;3371.2;2;9707972187;B
20240228;101138;3371.2;2;9707972304;B
20240228;101138;3371.2;2;9707972358;B
20240228;101139;3371;1;9707972417;S
20240228;101141;3371.2;4;9707972928;B
20240228;101141;3371.8;1;9707972929;B
20240228;101141;3372;36;9707972930;B
20240228;101141;3372.2;3;9707972931;B
20240228;101141;3372.2;40;9707972932;B
20240228;101141;3372.4;16;9707972933;B
20240228;101142;3372.4;13;9707973208;B
20240228;101146;3372.2;10;9707974002;B
20240228;101146;3372.2;22;9707974003;B
20240228;101149;3372;13;9707974489;B
20240228;101150;3372;2;9707974594;B
20240228;101150;3372.4;40;9707974708;B
20240228;101153;3372.4;3;9707975204;B
20240228;101155;3372.2;1;9707975436;S
20240228;101156;3372.4;10;9707975673;B
20240228;101156;3372.4;13;9707975681;B
20240228;101157;3372.4;29;9707975824;B
20240228;101158;3372.4;4;9707976008;B
20240228;101158;3372.4;15;9707976071;B
20240228;101159;3372.4;4;9707976168;B
20240228;101159;3372.4;1;9707976173;B
20240228;101200;3372.4;100;9707976331;B
20240228;101200;3372.4;2;9707976406;B
20240228;101201;3372.4;1;9707976494;B
20240228;101201;3372.4;9;9707976495;B
20240228;101201;3372.4;3;9707976576;B
20240228;101201;3372.2;22;9707976607;S
20240228;101204;3372;2;9707977202;B
20240228;101205;3372.2;1;9707977343;B
20240228;101205;3372.2;2;9707977344;B
20240228;101205;3372.2;2;9707977345;B
20240228;101205;3372;3;9707977420;B
20240228;101205;3372;56;9707977421;B
20240228;101205;3372.2;48;9707977422;B
20240228;101205;3372.2;60;9707977423;B
20240228;101205;3372.4;38;9707977424;B
20240228;101205;3372.4;15;9707977425;B
20240228;101205;3372.4;1;9707977426;B
20240228;101205;3372.4;75;9707977427;B
20240228;101205;3372.4;15;9707977428;B
20240228;101205;3372.4;5;9707977498;S
20240228;101207;3372.6;1;9707977918;B
20240228;101207;3372.8;1;9707977919;B
20240228;101207;3372.6;90;9707978002;S
20240228;101207;3372.4;160;9707978003;S
20240228;101208;3372.4;1;9707978028;S
20240228;101212;3372.6;11;9707979050;S
20240228;101213;3372.6;6;9707979110;B
20240228;101213;3372.8;9;9707979111;B
20240228;101213;3372.8;10;9707979112;B
20240228;101213;3373;22;9707979113;B
20240228;101213;3373;1;9707979114;B
20240228;101213;3373;1;9707979115;B
20240228;101218;3373;4;9707980167;B
20240228;101218;3373;25;9707980168;B
20240228;101222;3373;1;9707981076;B
20240228;101222;3373;1;9707981153;B
20240228;101226;3372.8;50;9707981949;S
20240228;101226;3372.2;50;9707981950;S
20240228;101226;3371.8;1;9707981960;S
20240228;101226;3371.8;1;9707981965;S
20240228;101226;3372;40;9707981984;B
20240228;101226;3372;10;9707982026;B
20240228;101226;3372;102;9707982027;B
20240228;101226;3372;15;9707982028;B
20240228;101226;3372;90;9707982029;B
20240228;101226;3372;2;9707982030;B
20240228;101226;3372.2;150;9707982031;B
20240228;101226;3372.2;33;9707982032;B
20240228;101226;3372.4;60;9707982033;B
20240228;101226;3372.8;61;9707982034;B
20240228;101226;3371.8;2;9707982063;S
20240228;101226;3371.8;90;9707982064;S
20240228;101226;3371.6;8;9707982065;S
20240228;101227;3371;3;9707982139;S
20240228;101227;3370.8;2;9707982140;S
20240228;101227;3370.8;19;9707982141;S
20240228;101227;3370.6;40;9707982142;S
20240228;101227;3370.4;100;9707982205;B
20240228;101228;3370.2;140;9707982284;S
20240228;101228;3370;50;9707982312;S
20240228;101228;3370;10;9707982313;S
20240228;101228;3370;51;9707982314;S
20240228;101228;3369.8;78;9707982315;S
20240228;101228;3369.8;7;9707982316;S
20240228;101228;3369.6;4;9707982317;S
20240228;101228;3369.6;20;9707982344;S
20240228;101228;3369;5;9707982424;S
20240228;101228;3368.8;16;9707982425;S
20240228;101228;3368.6;4;9707982426;S
20240228;101229;3368.6;5;9707982479;S
20240228;101230;3368.2;1;9707982757;S
20240228;101230;3368.2;2;9707982758;S
20240228;101230;3368.2;47;9707982759;S
20240228;101231;3368;2;9707982847;S
20240228;101231;3367.2;15;9707982932;S
20240228;101234;3367.4;20;9707983441;B
20240228;101235;3367.2;35;9707983472;S
20240228;101235;3367.2;51;9707983473;S
20240228;101235;3367;1;9707983474;S
20240228;101235;3366.8;50;9707983475;S
20240228;101235;3366.6;1;9707983476;S
20240228;101235;3366.4;6;9707983477;S
20240228;101236;3366.6;51;9707983722;S
20240228;101236;3366.4;97;9707983723;S
20240228;101239;3366.4;13;9707984337;S
20240228;101243;3367;1;9707985334;B
20240228;101243;3367;1;9707985335;B
20240228;101243;3367.2;1;9707985336;B
20240228;101243;3367.4;5;9707985337;B
20240228;101243;3367.8;19;9707985338;B
20240228;101243;3368;12;9707985339;B
20240228;101243;3368.2;8;9707985340;B
20240228;101244;3366.6;19;9707985427;S
20240228;101247;3367.4;20;9707986231;B
20240228;101247;3367.6;10;9707986232;B
20240228;101247;3368;3;9707986233;B
20240228;101248;3367.2;5;9707986362;S
20240228;101249;3368;2;9707986499;B
20240228;101249;3368.4;88;9707986500;B
20240228;101253;3368.4;20;9707987334;B
20240228;101253;3368.6;30;9707987335;B
20240228;101300;3368.2;7;9707989192;B
20240228;101300;3368.2;11;9707989193;B
20240228;101304;3368;3;9707990002;S
20240228;101306;3367.2;20;9707990459;S
20240228;101306;3366.6;1;9707990511;S
20240228;101306;3366.4;54;9707990512;S
20240228;101306;3366.4;1;9707990513;S
20240228;101306;3366.4;4;9707990514;S
20240228;101306;3367;55;9707990530;B
20240228;101310;3366.8;80;9707991370;B
20240228;101311;3366.8;2;9707991606;B
20240228;101314;3366.6;51;9707992029;S
20240228;101314;3366.4;51;9707992030;S
20240228;101319;3366.4;1;9707992689;S
20240228;101319;3366.4;9;9707992690;S
20240228;101319;3366.4;5;9707992752;S
20240228;101319;3366.4;51;9707992753;S
20240228;101319;3366;4;9707992754;S
20240228;101319;3366;2;9707992755;S
20240228;101319;3366;1;9707992756;S
20240228;101319;3366;40;9707992757;S
20240228;101319;3365.6;100;9707992758;S
20240228;101319;3365.4;10;9707992759;S
20240228;101319;3365.4;60;9707992760;S
20240228;101319;3365.2;19;9707992761;S
20240228;101319;3365;8;9707992762;S
20240228;101322;3366;1;9707993274;S
20240228;101322;3366;1;9707993275;S
20240228;101322;3366;51;9707993276;S
20240228;101322;3365.6;100;9707993277;S
20240228;101322;3365;62;9707993278;S
20240228;101322;3365;7;9707993279;S
20240228;101322;3365;1;9707993280;S
20240228;101322;3365;1;9707993281;S
20240228;101322;3365;5;9707993282;S
20240228;101322;3365;3;9707993283;S
20240228;101322;3365;3;9707993284;S
20240228;101322;3365;10;9707993285;S
20240228;101322;3365;1;9707993286;S
20240228;101322;3365;10;9707993287;S
20240228;101322;3365;4;9707993288;S
20240228;101322;3365;15;9707993289;S
20240228;101322;3364.8;25;9707993607;B
20240228;101322;3365;8;9707993608;B
20240228;101322;3365.8;67;9707993609;B
20240228;101323;3365.8;52;9707993669;S
20240228;101323;3365.6;100;9707993670;S
20240228;101323;3364.4;60;9707993671;S
20240228;101323;3364.2;1;9707993672;S
20240228;101323;3364.2;19;9707993673;S
20240228;101323;3364;1;9707993674;S
20240228;101323;3364;15;9707993675;S
20240228;101323;3364;40;9707993676;B
20240228;101323;3364;40;9707993679;B
20240228;101323;3364;100;9707993680;B
20240228;101323;3364;40;9707993681;B
20240228;101323;3364;100;9707993682;B
20240228;101323;3364;56;9707993684;B
20240228;101323;3364;12;9707993685;B
20240228;101323;3366;10;9707993733;S
20240228;101324;3366;90;9707994391;S
20240228;101324;3365.8;10;9707994392;S
20240228;101324;3365.8;10;9707994393;S
20240228;101324;3365.8;100;9707994394;S
20240228;101324;3365.8;90;9707994395;S
20240228;101329;3366;5;9707995719;B
20240228;101329;3366;8;9707995720;B
20240228;101329;3366.2;100;9707995721;B
20240228;101329;3366.6;100;9707995722;B
20240228;101329;3366.8;16;9707995723;B
20240228;101329;3366.8;1;9707995724;B
20240228;101329;3367.2;19;9707995725;B
20240228;101329;3367.4;15;9707995726;B
20240228;101329;3367.6;51;9707995727;B
20240228;101329;3367.8;3;9707995728;B
20240228;101329;3367.8;3;9707995729;B
20240228;101329;3367.8;60;9707995730;B
20240228;101329;3368.4;100;9707995731;B
20240228;101329;3368.6;19;9707995732;B
20240228;101329;3368.4;19;9707995736;B
20240228;101329;3368.4;51;9707995737;B
20240228;101329;3368.4;30;9707995738;S
20240228;101329;3368.4;10;9707995739;S
20240228;101329;3368.6;76;9707995740;B
20240228;101329;3368.6;24;9707995741;B
20240228;101335;3367.2;1;9707996855;S
20240228;101335;3367;20;9707996856;S
20240228;101335;3367;2;9707996857;S
20240228;101335;3367;37;9707996858;S
20240228;101335;3366.8;6;9707996859;S
20240228;101342;3365.8;1;9707998217;S
20240228;101342;3365.8;17;9707998218;S
20240228;101343;3365.8;8;9707998497;S
20240228;101346;3367.4;28;9707998975;B
20240228;101353;3367;100;9708000146;S
20240228;101353;3366.2;1;9708000185;S
20240228;101353;3366;36;9708000186;S
20240228;101353;3365.8;19;9708000187;S
20240228;101353;3365.6;24;9708000188;S
20240228;101358;3365.4;3;9708000921;S
20240228;101358;3366.6;1;9708000966;B
20240228;101406;3365;9;9708002194;S
20240228;101406;3365;1;9708002195;S
20240228;101413;3365;70;9708003424;B
20240228;101413;3365.8;7;9708003437;B
20240228;101413;3366;19;9708003438;B
20240228;101413;3366.2;5;9708003439;B
20240228;101413;3366.2;1;9708003440;B
20240228;101413;3366.6;38;9708003441;B
20240228;101413;3366.8;74;9708003442;B
20240228;101414;3365.8;5;9708003636;S
20240228;101414;3365.8;10;9708003736;S
20240228;101416;3366.8;1;9708004036;B
20240228;101417;3366.8;4;9708004155;B
20240228;101419;3366;3;9708004441;S
20240228;101419;3365.8;27;9708004442;S
20240228;101419;3365.6;5;9708004469;S
20240228;101420;3365;2;9708004547;S
20240228;101423;3364.6;5;9708005018;S
20240228;101423;3364.4;3;9708005019;S
20240228;101423;3364.4;4;9708005020;S
20240228;101423;3364.2;40;9708005021;S
20240228;101423;3364.2;19;9708005022;S
20240228;101423;3364;15;9708005023;S
20240228;101423;3364;1;9708005024;S
20240228;101423;3364;1;9708005025;S
20240228;101423;3363.8;7;9708005026;S
20240228;101423;3363.6;3;9708005027;S
20240228;101423;3363.6;3;9708005028;S
20240228;101423;3363.6;52;9708005029;S
20240228;101423;3363.4;47;9708005030;S
20240228;101424;3364.2;1;9708005180;B
20240228;101425;3363.4;4;9708005445;S
20240228;101426;3364.4;4;9708005642;B
20240228;101440;3364.8;16;9708008012;S
20240228;101440;3364.8;3;9708008013;S
20240228;101440;3364.8;10;9708008014;S
20240228;101440;3364.4;10;9708008015;S
20240228;101440;3364.2;6;9708008016;S
20240228;101440;3364;1;9708008017;S
20240228;101440;3364;4;9708008018;S
20240228;101440;3363.8;1;9708008019;S
20240228;101440;3363.8;27;9708008020;S
20240228;101440;3363.6;1;9708008021;S
20240228;101440;3363.6;31;9708008022;S
20240228;101441;3364.6;3;9708008134;B
20240228;101441;3364.8;6;9708008135;B
20240228;101444;3364.6;3;9708008703;S
20240228;101444;3364.6;11;9708008704;S
20240228;101448;3364.4;50;9708009349;S
20240228;101448;3364.2;3;9708009350;S
20240228;101448;3364.2;90;9708009351;S
20240228;101448;3364.2;17;9708009352;S
20240228;101448;3364;10;9708009353;S
20240228;101448;3364;50;9708009354;S
20240228;101448;3364;20;9708009355;B
20240228;101450;3363.4;3;9708009610;S
20240228;101454;3363.4;1;9708010165;S
20240228;101454;3363.4;2;9708010185;S
20240228;101454;3363.4;3;9708010186;S
20240228;101454;3363.4;17;9708010187;S
20240228;101454;3363;20;9708010188;S
20240228;101454;3363;5;9708010189;S
20240228;101454;3363;1;9708010190;S
20240228;101454;3363;1;9708010191;S
20240228;101454;3362.8;29;9708010192;S
20240228;101454;3362.8;1;9708010193;S
20240228;101454;3362.6;52;9708010194;S
20240228;101454;3362.2;1;9708010195;S
20240228;101454;3362.2;19;9708010196;S
20240228;101454;3362;1;9708010197;S
20240228;101454;3362;10;9708010198;S
20240228;101454;3361.8;138;9708010199;S
20240228;101454;3361.6;1;9708010208;S
20240228;101454;3361.6;4;9708010243;S
20240228;101454;3361.6;20;9708010244;S
20240228;101455;3362;10;9708010447;S
20240228;101455;3361.8;40;9708010448;S
20240228;101455;3361.8;52;9708010449;S
20240228;101455;3361.8;19;9708010450;S
20240228;101455;3361.8;3;9708010451;S
20240228;101455;3361.4;5;9708010452;S
20240228;101455;3361.4;30;9708010453;S
20240228;101455;3361.2;50;9708010454;S
20240228;101455;3361.2;1;9708010455;S
20240228;101455;3361;14;9708010456;S
20240228;101455;3361;100;9708010457;S
20240228;101455;3361;15;9708010458;S
20240228;101455;3360.6;11;9708010459;S
20240228;101457;3361.4;1;9708010751;B
20240228;101457;3361.6;1;9708010752;B
20240228;101501;3361.6;1;9708011636;S
20240228;101501;3361.4;9;9708011637;S
20240228;101502;3361;10;9708011763;S
20240228;101503;3361.6;2;9708012121;B
20240228;101503;3361;1;9708012130;S
20240228;101503;3361;39;9708012131;S
20240228;101505;3361.4;1;9708012726;B
20240228;101505;3361.6;2;9708012727;B
20240228;101505;3361.8;1;9708012728;B
20240228;101506;3361.2;2;9708013168;S
20240228;101510;3361.8;2;9708014232;S
20240228;101511;3362.8;5;9708014682;B
20240228;101512;3363;2;9708015151;B
20240228;101518;3362.4;11;9708016233;S
20240228;101521;3362.6;19;9708016982;S
20240228;101522;3363;16;9708017172;B
20240228;101522;3363;34;9708017173;B
20240228;101528;3364.2;4;9708018735;B
20240228;101528;3364.4;1;9708018736;B
20240228;101531;3363.8;6;9708019527;S
20240228;101531;3363.6;50;9708019528;S
20240228;101531;3363.6;11;9708019529;S
20240228;101531;3363.4;5;9708019530;S
20240228;101531;3363.4;19;9708019531;S
20240228;101531;3363.4;1;9708019532;S
20240228;101531;3363.2;5;9708019533;S
20240228;101531;3362.8;60;9708019534;S
20240228;101531;3362.6;42;9708019535;S
20240228;101531;3362.6;1;9708019536;S
20240228;101531;3362.4;250;9708019537;S
20240228;101531;3362.4;15;9708019538;S
20240228;101531;3362.2;19;9708019539;S
20240228;101531;3362.2;52;9708019540;S
20240228;101531;3362;127;9708019541;S
20240228;101531;3363.6;5;9708019566;B
20240228;101534;3361.8;1;9708020180;S
20240228;101534;3361.8;3;9708020181;S
20240228;101534;3361.4;36;9708020182;S
20240228;101540;3361.8;2;9708021315;S
20240228;101540;3362.4;4;9708021378;B
20240228;101540;3362.8;19;9708021379;B
20240228;101540;3363;29;9708021380;B
20240228;101541;3363;1;9708021610;B
20240228;101545;3362.6;2;9708022402;S
20240228;101550;3362.2;18;9708023738;S
20240228;101556;3362.2;2;9708025175;S
20240228;101556;3362.2;66;9708025176;S
20240228;101556;3362;1;9708025177;S
20240228;101556;3362;19;9708025178;S
20240228;101557;3361.4;10;9708025417;S
20240228;101558;3361.4;10;9708025799;S
20240228;101559;3361.4;10;9708026120;S
20240228;101600;3361.4;10;9708026287;S
20240228;101601;3361.4;10;9708026489;S
20240228;101607;3361.6;4;9708027782;B
20240228;101607;3361.6;1;9708027804;S
20240228;101608;3362;10;9708028030;B
20240228;101608;3362;10;9708028049;B
20240228;101608;3362;3;9708028075;B
20240228;101608;3362;3;9708028093;B
20240228;101610;3362;10;9708028472;B
20240228;101612;3362;1;9708028905;B
20240228;101615;3362;1;9708029616;B
20240228;101615;3361.8;14;9708029617;S
20240228;101619;3362;5;9708030405;B
20240228;101619;3362;2;9708030433;B
20240228;101621;3362;1;9708030818;B
20240228;101622;3361.8;1;9708030936;S
20240228;101622;3361.6;1;9708030937;S
20240228;101625;3361.6;1;9708031586;S
20240228;101626;3361.6;1;9708031627;S
20240228;101628;3361.6;1;9708032148;S
20240228;101628;3361.6;1;9708032149;S
20240228;101629;3361.6;5;9708032284;S
20240228;101632;3361.6;85;9708032962;S
20240228;101632;3361.4;1;9708032963;S
20240228;101632;3361;1;9708032964;S
20240228;101632;3361;5;9708032965;S
20240228;101632;3361;1;9708032966;S
20240228;101632;3360.2;1;9708032969;S
20240228;101632;3360.2;30;9708032970;S
20240228;101632;3360;2;9708032971;S
20240228;101632;3360;3;9708032972;S
20240228;101632;3360;5;9708032973;S
20240228;101632;3360;2;9708032974;S
20240228;101632;3360;20;9708032975;S
20240228;101632;3360;1;9708032976;S
20240228;101632;3360;2;9708032977;S
20240228;101632;3360;10;9708032978;S
20240228;101632;3360;24;9708032979;S
20240228;101632;3360;10;9708032980;S
20240228;101632;3360;10;9708032981;S
20240228;101632;3360;14;9708032982;S
20240228;101632;3360;36;9708032983;S
20240228;101632;3360;1;9708032984;S
20240228;101632;3360;30;9708032985;S
20240228;101632;3360;2;9708032986;S
20240228;101632;3360;5;9708032987;S
20240228;101632;3360;25;9708032988;S
20240228;101632;3360;8;9708032989;S
20240228;101632;3360;1;9708032990;S
20240228;101632;3360;15;9708032991;S
20240228;101632;3360;5;9708032992;S
20240228;101632;3360;10;9708032993;S
20240228;101632;3360;10;9708032994;S
20240228;101632;3360;1;9708032995;S
20240228;101632;3360;1;9708032996;S
20240228;101632;3360;2;9708032997;S
20240228;101632;3360;8;9708032998;S
20240228;101632;3360;20;9708032999;S
20240228;101632;3360;2;9708033000;S
20240228;101632;3359.8;1;9708033034;S
20240228;101632;3359.8;1;9708033108;S
20240228;101632;3359.8;3;9708033109;S
20240228;101632;3359.6;22;9708033110;S
20240228;101633;3359.6;28;9708033142;S
20240228;101633;3359.4;69;9708033143;S
20240228;101633;3359.4;10;9708033144;S
20240228;101633;3359.4;4;9708033145;S
20240228;101633;3359.2;92;9708033146;S
20240228;101633;3358.2;5;9708033149;S
20240228;101633;3358.2;85;9708033218;S
20240228;101633;3358;100;9708033219;S
20240228;101633;3358;1;9708033220;S
20240228;101633;3358;5;9708033221;S
20240228;101633;3358;4;9708033222;S
20240228;101633;3357.6;20;9708033223;S
20240228;101633;3357.6;22;9708033224;S
20240228;101633;3357.6;52;9708033225;S
20240228;101633;3357.2;15;9708033226;S
20240228;101633;3357.2;60;9708033227;S
20240228;101633;3356.8;15;9708033228;S
20240228;101633;3356.8;100;9708033229;S
20240228;101633;3356.6;60;9708033230;S
20240228;101633;3356;1;9708033231;S
20240228;101633;3356;1;9708033232;S
20240228;101633;3356;10;9708033233;S
20240228;101633;3355.8;35;9708033234;S
20240228;101633;3355.8;5;9708033235;S
20240228;101633;3355.8;60;9708033236;S
20240228;101633;3355.6;10;9708033237;S
20240228;101633;3355.2;42;9708033238;S
20240228;101633;3355;5;9708033239;S
20240228;101633;3355;292;9708033240;S
20240228;101633;3356;5;9708033325;S
20240228;101634;3356;7;9708033419;S
20240228;101634;3356;40;9708033425;S
20240228;101634;3355.8;4;9708033426;S
20240228;101634;3355.6;6;9708033427;S
20240228;101634;3356.2;1;9708033491;S
20240228;101634;3355.8;21;9708033492;S
20240228;101634;3355.6;28;9708033493;S
20240228;101634;3356.2;1;9708033512;S
20240228;101635;3356;1;9708033575;S
20240228;101635;3356;47;9708033576;S
20240228;101635;3355.8;4;9708033577;S
20240228;101635;3355.8;22;9708033578;S
20240228;101635;3355.6;24;9708033579;S
20240228;101635;3355.6;15;9708033580;S
20240228;101635;3355.4;114;9708033581;S
20240228;101635;3355.2;73;9708033582;S
20240228;101635;3355.2;50;9708033736;S
20240228;101638;3356.2;2;9708034291;B
20240228;101638;3356.2;4;9708034292;B
20240228;101638;3356.4;19;9708034293;B
20240228;101638;3357;5;9708034294;B
20240228;101638;3357.4;11;9708034295;B
20240228;101638;3357.8;1;9708034296;B
20240228;101638;3357.8;52;9708034297;B
20240228;101638;3358;9;9708034298;B
20240228;101638;3358;15;9708034299;B
20240228;101638;3358.4;50;9708034300;B
20240228;101638;3356.6;1;9708034306;S
20240228;101641;3357.6;2;9708034677;B
20240228;101642;3357.8;4;9708034954;B
20240228;101642;3358.2;19;9708034955;B
20240228;101642;3358.4;10;9708034956;B
20240228;101642;3358.4;15;9708034957;B
20240228;101642;3358.6;10;9708034958;B
20240228;101642;3358.6;2;9708034959;B
20240228;101642;3357.6;1;9708034968;S
20240228;101643;3357.8;100;9708035079;B
20240228;101646;3358.4;5;9708035642;S
20240228;101646;3358.4;6;9708035643;S
20240228;101646;3358.2;23;9708035644;S
20240228;101646;3357.6;5;9708035645;S
20240228;101646;3357.2;90;9708035646;S
20240228;101646;3357;10;9708035647;S
20240228;101646;3357;60;9708035648;S
20240228;101646;3357;19;9708035649;S
20240228;101646;3356.8;1;9708035650;S
20240228;101646;3356.8;1;9708035651;S
20240228;101646;3356.6;15;9708035652;S
20240228;101646;3356.4;52;9708035653;S
20240228;101646;3356.2;13;9708035654;S
20240228;101647;3357.4;1;9708035759;B
20240228;101647;3357.6;4;9708035760;B
20240228;101649;3357;1;9708036242;B
20240228;101650;3357.4;1;9708036385;B
20240228;101651;3358;1;9708036475;S
20240228;101654;3358;2;9708037169;S
20240228;101654;3358;10;9708037170;S
20240228;101654;3357.8;50;9708037171;S
20240228;101654;3357.8;25;9708037172;S
20240228;101654;3357.6;90;9708037173;S
20240228;101654;3357.6;15;9708037174;S
20240228;101654;3357.4;8;9708037175;S
20240228;101700;3357.6;1;9708038003;S
20240228;101700;3357.6;25;9708038004;S
20240228;101700;3357.4;1;9708038005;S
20240228;101700;3357.2;15;9708038006;S
20240228;101700;3357.2;68;9708038007;S
20240228;101702;3358;2;9708038315;B
20240228;101704;3357.4;15;9708038555;S
20240228;101704;3357.8;1;9708038624;B
20240228;101705;3357.4;12;9708038833;S
20240228;101705;3357.4;1;9708038834;S
20240228;101705;3357.4;1;9708038835;S
20240228;101705;3357.4;5;9708038836;S
20240228;101705;3357.2;15;9708038837;S
20240228;101705;3357.2;90;9708038838;S
20240228;101705;3357.2;26;9708038839;S
20240228;101705;3357.2;4;9708038840;S
20240228;101705;3357;46;9708038841;S
20240228;101707;3357;1;9708039126;S
20240228;101710;3357.4;1;9708039538;B
20240228;101714;3357.4;5;9708040308;B
20240228;101725;3357.2;90;9708043554;S
20240228;101725;3357.2;10;9708043555;S
20240228;101725;3357;25;9708043556;S
20240228;101728;3357.2;90;9708044397;S
20240228;101728;3357;92;9708044398;S
20240228;101729;3357;150;9708044545;S
20240228;101729;3357;484;9708044607;S
20240228;101729;3357;1;9708044608;S
20240228;101729;3357;5;9708044609;S
20240228;101729;3357;1;9708044610;S
20240228;101729;3357;9;9708044611;S
20240228;101729;3357;17;9708044612;S
20240228;101729;3357;107;9708044613;S
20240228;101729;3357;82;9708044614;S
20240228;101729;3357;16;9708044615;S
20240228;101729;3357;10;9708044616;S
20240228;101729;3357;1;9708044617;S
20240228;101729;3356;18;9708044618;S
20240228;101729;3355.6;40;9708044619;S
20240228;101729;3355.6;31;9708044620;S
20240228;101729;3355.6;49;9708044621;S
20240228;101730;3355.8;2;9708044663;B
20240228;101730;3355.2;4;9708044681;S
20240228;101730;3355.2;1;9708044682;S
20240228;101730;3355.2;4;9708044689;S
20240228;101730;3355;3;9708044690;S
20240228;101733;3355.2;5;9708045079;S
20240228;101733;3355.2;6;9708045080;S
20240228;101733;3355.2;63;9708045081;S
20240228;101733;3355;5;9708045082;S
20240228;101733;3355;79;9708045083;S
20240228;101735;3355;21;9708045424;S
20240228;101735;3355;49;9708045425;S
20240228;101735;3355;1;9708045503;S
20240228;101735;3355;1;9708045504;S
20240228;101735;3355;1;9708045505;S
20240228;101735;3355;1;9708045506;S
20240228;101735;3355;2;9708045507;S
20240228;101735;3355;20;9708045588;S
20240228;101736;3355;8;9708045796;S
20240228;101736;3355;6;9708045797;S
20240228;101736;3355.2;1;9708045816;B
20240228;101736;3355.2;9;9708045850;B
20240228;101736;3355.2;20;9708045851;B
20240228;101736;3355.6;12;9708045852;B
20240228;101736;3356.4;100;9708045853;B
20240228;101736;3356.4;15;9708045854;B
20240228;101736;3356.6;2;9708045855;B
20240228;101737;3355.4;1;9708045989;S
20240228;101737;3356.2;50;9708046052;B
20240228;101737;3356.4;10;9708046053;B
20240228;101738;3355.8;90;9708046146;S
20240228;101738;3355.6;62;9708046147;S
20240228;101738;3355.4;1;9708046148;S
20240228;101738;3355;7;9708046149;S
20240228;101738;3356;5;9708046166;B
20240228;101741;3356.4;1;9708046640;B
20240228;101744;3355.4;2;9708047125;S
20240228;101744;3355.4;3;9708047126;S
20240228;101748;3356;20;9708047681;S
20240228;101748;3356;30;9708047682;S
20240228;101751;3357;52;9708048301;B
20240228;101751;3357.2;13;9708048302;B
20240228;101754;3357.4;1;9708048782;B
20240228;101754;3357.4;4;9708048783;B
20240228;101806;3357;3;9708051544;B
20240228;101807;3356.8;10;9708051806;S
20240228;101807;3356.8;7;9708051807;S
20240228;101807;3356.6;33;9708051808;S
20240228;101810;3357;6;9708052273;B
20240228;101827;3356.8;33;9708055287;B
20240228;101833;3356.6;10;9708056697;S
20240228;101833;3356.6;26;9708056698;S
20240228;101833;3356.6;4;9708056699;S
20240228;101835;3356.8;2;9708056976;B
20240228;101835;3357;27;9708056977;B
20240228;101835;3357;21;9708056978;B
20240228;101835;3357;29;9708056979;B
20240228;101835;3357.4;19;9708056980;B
20240228;101835;3357.4;1;9708056981;B
20240228;101835;3357.6;17;9708056982;B
20240228;101835;3357.6;25;9708056983;B
20240228;101835;3357.6;112;9708056984;B
20240228;101835;3357.6;21;9708056985;B
20240228;101835;3357.6;188;9708056986;B
20240228;101835;3358;10;9708056987;B
20240228;101835;3358;1;9708056988;B
20240228;101835;3358.2;1;9708056991;B
20240228;101835;3358.2;1;9708056992;B
20240228;101841;3359;5;9708057766;B
20240228;101846;3358.8;1;9708058998;S
20240228;101858;3358.8;9;9708061384;S
20240228;101858;3358.8;10;9708061385;S
20240228;101905;3358.8;10;9708062840;S
20240228;101909;3358.8;5;9708063870;S
20240228;101912;3358.8;6;9708064817;S
20240228;101913;3358.8;4;9708065107;S
20240228;101915;3358.8;1;9708065636;B
20240228;101915;3358.8;5;9708065643;B
20240228;101915;3358.8;5;9708065644;B
20240228;101915;3358.8;52;9708065645;B
20240228;101915;3359.2;5;9708065646;B
20240228;101915;3359.2;2;9708065647;B
20240228;101915;3359.2;5;9708065648;B
20240228;101915;3359.2;15;9708065649;B
20240228;101915;3359.4;40;9708065650;B
20240228;101915;3359.6;60;9708065651;B
20240228;101915;3359.8;50;9708065652;B
20240228;101915;3359.8;90;9708065653;B
20240228;101915;3360;29;9708065654;B
20240228;101915;3360;300;9708065655;B
20240228;101915;3360;5;9708065656;B
20240228;101915;3360.2;1;9708065657;B
20240228;101915;3360.6;1;9708065658;B
20240228;101915;3360.6;60;9708065659;B
20240228;101915;3361;180;9708065660;B
20240228;101915;3361;40;9708065661;B
20240228;101918;3360.2;1;9708066407;B
20240228;101921;3360.2;10;9708066883;B
20240228;101925;3360;15;9708067308;S
20240228;101925;3360;8;9708067309;S
20240228;101925;3360;2;9708067316;S
20240228;101925;3360;3;9708067317;S
20240228;101925;3360;3;9708067318;S
20240228;101925;3360;3;9708067319;S
20240228;101926;3359.6;3;9708067559;S
20240228;101932;3358.8;8;9708068522;S
20240228;101933;3358.8;2;9708068690;S
20240228;101933;3358.8;18;9708068691;S
20240228;101934;3359;1;9708068909;B
20240228;101935;3359;5;9708068991;B
20240228;101939;3359;2;9708069657;B
20240228;101950;3358.8;1;9708071247;S
20240228;101950;3358.8;45;9708071385;S
20240228;101951;3358.8;36;9708071451;S
20240228;101951;3358.6;2;9708071524;S
20240228;101951;3358.6;1;9708071525;S
20240228;101954;3358.4;1;9708071987;S
20240228;101958;3358.6;9;9708072569;B
20240228;102000;3358.6;30;9708072934;B
20240228;102000;3358.4;9;9708072996;S
20240228;102001;3358.2;1;9708073073;B
20240228;102001;3358.4;16;9708073151;B
20240228;102001;3358.4;14;9708073152;B
20240228;102005;3358.4;1;9708073936;S
20240228;102006;3358.4;1;9708074291;S
20240228;102009;3358.6;9;9708075138;B
20240228;102010;3358.4;1;9708075317;S
20240228;102010;3358.4;1;9708075318;S
20240228;102010;3358.4;1;9708075319;S
20240228;102013;3358.6;1;9708075821;B
20240228;102013;3358.4;2;9708075895;S
20240228;102013;3358.4;43;9708075896;S
20240228;102016;3358.6;1;9708076913;B
20240228;102018;3358.4;1;9708078010;S
20240228;102022;3358.6;52;9708079842;B
20240228;102022;3358.6;1;9708079843;B
20240228;102022;3358.6;1;9708079844;B
20240228;102022;3358.8;64;9708079845;B
20240228;102022;3358.8;5;9708079846;B
20240228;102022;3358.8;10;9708079847;S
20240228;102024;3358.8;10;9708080456;S
20240228;102024;3358.8;10;9708081119;S
20240228;102029;3359;1;9708083024;B
20240228;102030;3358.8;1;9708083089;S
20240228;102031;3358.8;1;9708083388;S
20240228;102032;3359;1;9708083781;B
20240228;102032;3359;9;9708083803;B
20240228;102036;3358.8;2;9708085404;S
20240228;102036;3359;2;9708085427;B
20240228;102037;3359;5;9708085958;B
20240228;102041;3358.8;1;9708086670;S
20240228;102042;3358.8;42;9708086886;S
20240228;102042;3358.8;100;9708086887;S
20240228;102042;3358.8;100;9708086888;S
20240228;102042;3358.8;100;9708086889;S
20240228;102042;3358.8;100;9708086890;S
20240228;102042;3358.8;100;9708086891;S
20240228;102042;3358.8;100;9708086892;S
20240228;102042;3358.8;100;9708086893;S
20240228;102042;3358.8;100;9708086894;S
20240228;102042;3358.8;85;9708086895;S
20240228;102042;3358.8;15;9708086896;S
20240228;102042;3358.8;15;9708086897;S
20240228;102042;3358.8;15;9708086898;S
20240228;102042;3358.8;15;9708086899;S
20240228;102042;3358.8;15;9708086900;S
20240228;102042;3358.8;15;9708086901;S
20240228;102042;3358.8;15;9708086902;S
20240228;102042;3358.8;15;9708086903;S
20240228;102042;3358.8;15;9708086904;S
20240228;102042;3358.8;15;9708086905;S
20240228;102042;3358.8;15;9708086906;S
20240228;102042;3358.8;15;9708086907;S
20240228;102042;3358.8;40;9708086908;S
20240228;102042;3358.8;40;9708086909;S
20240228;102042;3358.8;25;9708086910;S
20240228;102042;3358.8;25;9708086911;S
20240228;102042;3358.8;25;9708086912;S
20240228;102042;3358.8;25;9708086913;S
20240228;102042;3358.8;25;9708086914;S
20240228;102042;3358.8;25;9708086915;S
20240228;102042;3358.8;10;9708086916;S
20240228;102042;3358.8;1;9708086917;S
20240228;102042;3358.8;65;9708086918;S
20240228;102042;3358.8;15;9708086919;S
20240228;102042;3358.8;14;9708087634;S
20240228;102042;3358.8;18;9708087635;S
20240228;102044;3358.8;1;9708088332;S
20240228;102044;3358.8;4;9708088339;S
20240228;102044;3358.8;1;9708088340;S
20240228;102046;3358.8;6;9708089072;S
20240228;102047;3358.8;11;9708089242;S
20240228;102047;3358.8;4;9708089344;S
20240228;102047;3358.8;3;9708089345;S
20240228;102047;3358.8;5;9708089395;S
20240228;102047;3358.8;33;9708089396;S
20240228;102047;3358.8;47;9708089397;S
20240228;102047;3358.8;2;9708089398;S
20240228;102047;3358.8;16;9708089399;S
20240228;102048;3358.8;15;9708089738;S
20240228;102048;3358.8;1;9708089805;S
20240228;102049;3358.8;35;9708089985;S
20240228;102049;3358.8;35;9708089986;S
20240228;102049;3358.8;35;9708089987;S
20240228;102049;3358.8;22;9708089988;S
20240228;102049;3358.8;65;9708089989;S
20240228;102049;3358.8;6;9708089990;S
20240228;102049;3358.8;30;9708089991;S
20240228;102049;3358.8;30;9708089992;S
20240228;102049;3358.8;8;9708089993;S
20240228;102049;3358.8;8;9708089994;S
20240228;102049;3358.8;43;9708089995;S
20240228;102049;3358.8;34;9708089996;S
20240228;102049;3358.8;30;9708089997;S
20240228;102049;3358.8;2;9708090017;S
20240228;102049;3358.8;15;9708090029;S
20240228;102049;3358.8;8;9708090077;S
20240228;102049;3358.8;2;9708090078;S
20240228;102049;3358.8;2;9708090090;S
20240228;102049;3358.8;27;9708090091;S
20240228;102049;3358.8;4;9708090092;S
20240228;102051;3358.8;5;9708090864;S
20240228;102052;3358.8;100;9708091108;S
20240228;102055;3358.8;74;9708092201;S
20240228;102055;3358.8;15;9708092202;S
20240228;102055;3358.8;15;9708092203;S
20240228;102055;3358.8;15;9708092204;S
20240228;102055;3358.8;15;9708092205;S
20240228;102055;3358.8;15;9708092206;S
20240228;102055;3358.8;15;9708092207;S
20240228;102055;3358.8;15;9708092208;S
20240228;102055;3358.8;15;9708092209;S
20240228;102055;3358.8;55;9708092210;S
20240228;102055;3358.8;55;9708092211;S
20240228;102055;3358.8;40;9708092212;S
20240228;102055;3358.8;40;9708092213;S
20240228;102055;3358.8;25;9708092214;S
20240228;102055;3358.8;25;9708092215;S
20240228;102055;3358.8;10;9708092224;S
20240228;102055;3358.8;10;9708092225;S
20240228;102055;3358.8;40;9708092226;S
20240228;102055;3358.8;40;9708092227;S
20240228;102055;3358.8;45;9708092228;S
20240228;102055;3358.8;45;9708092229;S
20240228;102055;3358.8;5;9708092230;S
20240228;102055;3358.8;5;9708092231;S
20240228;102055;3358.8;45;9708092232;S
20240228;102055;3358.8;45;9708092233;S
20240228;102055;3358.8;35;9708092234;S
20240228;102055;3358.8;35;9708092235;S
20240228;102055;3358.8;35;9708092236;S
20240228;102055;3358.8;35;9708092237;S
20240228;102055;3358.8;10;9708092238;S
20240228;102055;3358.8;10;9708092239;S
20240228;102055;3358.8;10;9708092240;S
20240228;102055;3358.8;10;9708092241;S
20240228;102055;3358.8;30;9708092242;S
20240228;102055;3358.8;30;9708092243;S
20240228;102055;3358.8;25;9708092244;S
20240228;102055;3358.8;25;9708092245;S
20240228;102055;3358.8;25;9708092246;S
20240228;102055;3358.8;25;9708092247;S
20240228;102055;3358.8;25;9708092248;S
20240228;102055;3358.8;25;9708092249;S
20240228;102055;3358.8;25;9708092250;S
20240228;102055;3358.8;6;9708092251;S
20240228;102055;3358.8;25;9708092252;S
20240228;102055;3358.8;15;9708092253;S
20240228;102055;3358.8;5;9708092254;S
20240228;102055;3358.8;5;9708092255;S
20240228;102055;3358.8;19;9708092258;S
20240228;102055;3358.8;19;9708092259;S
20240228;102055;3358.8;6;9708092260;S
20240228;102056;3358.8;1;9708092318;S
20240228;102056;3358.8;4;9708092319;S
20240228;102057;3358.8;1;9708092549;S
20240228;102057;3358.8;1;9708092550;S
20240228;102057;3358.8;2;9708092577;S
20240228;102057;3358.8;9;9708092673;S
20240228;102057;3358.8;10;9708092767;S
20240228;102057;3358.8;3;9708092950;S
20240228;102057;3358.8;1;9708092964;S
20240228;102057;3358.8;1;9708092984;S
20240228;102057;3358.8;1;9708092985;S
20240228;102058;3358.8;16;9708093066;S
20240228;102058;3358.8;16;9708093067;S
20240228;102058;3358.8;59;9708093068;S
20240228;102059;3358.8;16;9708093450;S
20240228;102059;3358.8;8;9708093451;S
20240228;102101;3358.8;5;9708093761;S
20240228;102101;3358.8;96;9708093762;S
20240228;102101;3358.8;1;9708093763;S
20240228;102101;3358.8;100;9708093765;S
20240228;102101;3358.8;99;9708093766;S
20240228;102101;3358.8;99;9708093767;S
20240228;102101;3358.8;19;9708093768;S
20240228;102101;3358.8;11;9708093877;S
20240228;102101;3358.8;7;9708093878;S
20240228;102102;3358.8;9;9708094567;S
20240228;102102;3358.8;19;9708094654;S
20240228;102102;3358.8;36;9708094668;S
20240228;102102;3358.8;100;9708094669;S
20240228;102102;3358.8;28;9708094670;S
20240228;102103;3358.8;3;9708094805;S
20240228;102103;3358.8;3;9708094863;S
20240228;102103;3358.8;34;9708094896;S
20240228;102104;3358.8;6;9708094931;S
20240228;102104;3358.8;125;9708095084;S
20240228;102104;3358.8;1;9708095085;S
20240228;102110;3358.8;100;9708097469;S
20240228;102110;3358.8;20;9708097470;S
20240228;102110;3358.8;30;9708097471;S
20240228;102110;3358.8;18;9708097472;S
20240228;102110;3359;3;9708097549;B
20240228;102110;3358.8;1;9708097550;S
20240228;102111;3359;17;9708097600;B
20240228;102111;3359;1;9708097601;B
20240228;102111;3359;12;9708097602;B
20240228;102111;3358.8;4;9708097603;S
20240228;102111;3358.8;33;9708097604;S
20240228;102111;3358.8;17;9708097605;S
20240228;102111;3358.8;1;9708097717;S
20240228;102112;3358.8;12;9708098164;S
20240228;102112;3358.8;4;9708098165;S
20240228;102112;3358.8;2;9708098166;S
20240228;102112;3358.8;2;9708098255;S
20240228;102112;3358.8;1;9708098274;S
20240228;102112;3358.8;5;9708098370;S
20240228;102112;3358.8;5;9708098371;S
20240228;102112;3358.8;5;9708098372;S
20240228;102112;3358.8;2;9708098373;S
20240228;102112;3358.8;2;9708098374;S
20240228;102112;3358.8;3;9708098375;S
20240228;102112;3358.8;1;9708098385;S
20240228;102112;3358.8;1;9708098455;S
20240228;102113;3358.8;34;9708098487;S
20240228;102113;3358.8;12;9708098535;S
20240228;102113;3358.8;8;9708098553;S
20240228;102113;3358.8;2;9708098609;S
20240228;102113;3358.8;1;9708098672;S
20240228;102114;3358.8;1;9708098968;S
20240228;102114;3358.8;7;9708099033;S
20240228;102114;3358.8;1;9708099036;S
20240228;102114;3358.8;2;9708099254;S
20240228;102114;3358.8;4;9708099255;S
20240228;102114;3358.8;6;9708099256;S
20240228;102115;3358.8;3;9708099805;S
20240228;102115;3358.8;3;9708099806;S
20240228;102115;3358.8;1;9708099807;S
20240228;102115;3358.8;2;9708099810;S
20240228;102115;3358.8;9;9708099823;S
20240228;102115;3358.8;8;9708099978;S
20240228;102115;3358.8;1;9708099988;S
20240228;102115;3358.8;2;9708100027;S
20240228;102116;3358.8;6;9708100291;S
20240228;102116;3358.8;12;9708100292;S
20240228;102117;3358.8;21;9708100850;S
20240228;102117;3358.8;1;9708100851;S
20240228;102117;3358.8;28;9708100852;S
20240228;102117;3358.8;1;9708100963;S
20240228;102118;3358.8;2;9708101351;S
20240228;102118;3358.8;3;9708101352;S
20240228;102118;3358.8;1;9708101353;S
20240228;102119;3358.8;1;9708101851;S
20240228;102119;3358.8;1;9708101919;S
20240228;102120;3358.8;6;9708102036;S
20240228;102120;3358.8;11;9708102077;S
20240228;102121;3358.8;80;9708102226;S
20240228;102121;3358.8;6;9708102227;S
20240228;102121;3358.8;100;9708102228;S
20240228;102121;3358.6;1;9708102229;S
20240228;102121;3358.4;6;9708102230;S
20240228;102121;3358.4;5;9708102231;S
20240228;102121;3358.4;5;9708102232;S
20240228;102121;3358;8;9708102233;S
20240228;102121;3358;20;9708102234;S
20240228;102121;3358;5;9708102235;S
20240228;102127;3357;2;9708104515;S
20240228;102127;3357;50;9708104516;S
20240228;102127;3357;30;9708104517;S
20240228;102127;3356.8;8;9708104518;S
20240228;102127;3356.6;8;9708104519;S
20240228;102127;3356.4;10;9708104520;S
20240228;102127;3356.4;7;9708104521;S
20240228;102127;3356.6;2;9708104570;B
20240228;102131;3356.4;23;9708105426;B
20240228;102133;3356.6;7;9708105907;S
20240228;102133;3356.4;60;9708105908;S
20240228;102133;3356.2;33;9708105909;S
20240228;102137;3356.8;2;9708107738;B
20240228;102138;3356;20;9708108184;S
20240228;102138;3356;2;9708108185;S
20240228;102138;3356;1;9708108186;S
20240228;102138;3356;60;9708108187;S
20240228;102138;3355.8;3;9708108188;S
20240228;102138;3356;5;9708108244;S
20240228;102139;3355.8;3;9708108404;S
20240228;102139;3355.8;9;9708108405;S
20240228;102139;3355.6;12;9708108406;S
20240228;102142;3356.2;1;9708108944;B
20240228;102143;3355.6;21;9708109137;S
20240228;102143;3355.6;50;9708109138;S
20240228;102143;3355.6;4;9708109139;S
20240228;102143;3355.6;2;9708109140;S
20240228;102143;3355.4;5;9708109141;S
20240228;102143;3355.4;4;9708109142;S
20240228;102143;3355.4;31;9708109143;S
20240228;102143;3355.4;6;9708109144;S
20240228;102143;3355.4;15;9708109145;S
20240228;102143;3355.2;30;9708109146;S
20240228;102143;3355.2;50;9708109147;S
20240228;102143;3355;87;9708109148;S
20240228;102143;3355;10;9708109149;S
20240228;102143;3355;10;9708109150;S
20240228;102144;3355.6;10;9708109222;S
20240228;102144;3355.2;2;9708109223;S
20240228;102144;3355.2;8;9708109224;S
