<DATE>;<TIME>;<LAST>;<VOL>;<ID>;<OPER>
20240119;095955;2607.000000000;4;9445290120;S
20240119;095955;2607.000000000;2;9445290121;S
20240119;095955;2607.000000000;10;9445290122;S
20240119;095955;2607.000000000;13;9445290123;S
20240119;095955;2607.000000000;1;9445290124;S
20240119;095955;2607.000000000;2;9445290125;S
20240119;095955;2607.000000000;1;9445290126;S
20240119;095955;2607.000000000;1;9445290127;S
20240119;095955;2607.000000000;1;9445290128;S
20240119;095955;2607.000000000;12;9445290129;S
20240119;095955;2607.000000000;1;9445290130;S
20240119;095955;2607.000000000;10;9445290131;S
20240119;095955;2607.000000000;4;9445290132;S
20240119;095955;2607.000000000;2;9445290133;S
20240119;095955;2607.000000000;16;9445290134;S
20240119;095955;2607.000000000;10;9445290135;S
20240119;095955;2607.000000000;9;9445290136;S
20240119;095955;2607.000000000;1;9445290137;S
20240119;095955;2607.000000000;1;9445290138;S
20240119;095955;2607.000000000;15;9445290139;B
20240119;095955;2607.000000000;4;9445290140;B
20240119;095955;2607.000000000;8;9445290141;B
20240119;095955;2607.000000000;1;9445290142;B
20240119;095955;2607.000000000;3;9445290143;S
20240119;095955;2607.000000000;15;9445290144;S
20240119;095955;2607.000000000;4;9445290145;S
20240119;095955;2607.000000000;20;9445290146;S
20240119;095955;2607.000000000;1;9445290147;B
20240119;095955;2607.000000000;34;9445290148;B
20240119;095955;2607.000000000;4;9445290149;B
20240119;095955;2607.000000000;2;9445290150;B
20240119;095955;2607.000000000;1;9445290151;B
20240119;095955;2607.000000000;60;9445290152;B
20240119;095955;2607.000000000;1;9445290153;B
20240119;095955;2607.000000000;10;9445290154;S
20240119;095955;2607.000000000;2;9445290155;S
20240119;095955;2607.000000000;1;9445290156;S
20240119;095955;2607.000000000;7;9445290157;S
20240119;095955;2607.000000000;25;9445290158;S
20240119;095955;2607.000000000;1;9445290159;S
20240119;095955;2607.000000000;2;9445290160;S
20240119;095955;2607.000000000;8;9445290161;S
20240119;095955;2607.000000000;74;9445290162;B
20240119;095955;2607.000000000;75;9445290163;B
20240119;095955;2607.000000000;6;9445290164;B
20240119;095955;2607.000000000;1;9445290165;B
20240119;095955;2607.000000000;1;9445290166;B
20240119;095955;2607.000000000;1;9445290167;B
20240119;095955;2607.000000000;20;9445290168;B
20240119;095955;2607.000000000;1;9445290169;B
20240119;095955;2607.000000000;1;9445290170;B
20240119;095955;2607.000000000;2;9445290171;B
20240119;095955;2607.000000000;2;9445290172;B
20240119;095955;2607.000000000;2;9445290173;B
20240119;095955;2607.000000000;1;9445290174;B
20240119;095955;2607.000000000;16;9445290175;B
20240119;095955;2607.000000000;1;9445290176;B
20240119;095955;2607.000000000;1;9445290177;B
20240119;095955;2607.000000000;15;9445290178;B
20240119;095955;2607.000000000;2;9445290179;B
20240119;095955;2607.000000000;2;9445290180;B
20240119;095955;2607.000000000;6;9445290181;B
20240119;095955;2607.000000000;1;9445290182;B
20240119;095955;2607.000000000;31;9445290183;S
20240119;095955;2607.000000000;12;9445290184;S
20240119;095955;2607.000000000;10;9445290185;S
20240119;095955;2607.000000000;1;9445290186;S
20240119;095955;2607.000000000;1;9445290187;S
20240119;095955;2607.000000000;3;9445290188;S
20240119;095955;2607.000000000;2;9445290189;S
20240119;095955;2607.000000000;12;9445290190;S
20240119;095955;2607.000000000;28;9445290191;S
20240119;095955;2607.000000000;4;9445290192;B
20240119;095955;2607.000000000;18;9445290193;B
20240119;095955;2607.000000000;1;9445290194;S
20240119;095955;2607.000000000;19;9445290195;S
20240119;095955;2607.000000000;40;9445290196;S
20240119;095955;2607.000000000;2;9445290197;B
20240119;095955;2607.000000000;4;9445290198;S
20240119;095955;2607.000000000;70;9445290199;S
20240119;095955;2607.000000000;18;9445290200;B
20240119;100000;2606.000000000;2;9445290900;S
20240119;100000;2600.600000000;50;9445291023;B
20240119;100000;2600.800000000;8;9445291143;S
20240119;100000;2600.800000000;50;9445291144;S
20240119;100000;2600.800000000;10;9445291145;S
20240119;100000;2600.800000000;20;9445291154;S
20240119;100000;2600.800000000;4;9445291155;S
20240119;100000;2600.800000000;9;9445291156;S
20240119;100000;2600.600000000;1;9445291157;S
20240119;100000;2600.600000000;6;9445291159;B
20240119;100000;2600.400000000;100;9445291173;B
20240119;100000;2600.800000000;65;9445291253;B
20240119;100001;2600.200000000;50;9445291474;S
20240119;100001;2600.200000000;1;9445291482;S
20240119;100001;2600.200000000;39;9445291483;B
20240119;100001;2600.000000000;10;9445291602;S
20240119;100001;2600.000000000;1;9445291615;S
20240119;100001;2598.000000000;10;9445291663;S
20240119;100001;2598.000000000;10;9445291728;S
20240119;100001;2599.800000000;92;9445291732;B
20240119;100001;2599.800000000;1;9445291733;B
20240119;100001;2600.000000000;7;9445291734;B
20240119;100001;2598.000000000;10;9445291770;S
20240119;100002;2598.000000000;3;9445291922;S
20240119;100002;2598.000000000;6;9445291984;S
20240119;100002;2597.800000000;100;9445291985;S
20240119;100002;2597.600000000;7;9445291986;S
20240119;100002;2597.000000000;5;9445291987;S
20240119;100002;2597.000000000;1;9445291988;S
20240119;100002;2597.000000000;30;9445291989;S
20240119;100002;2596.000000000;2;9445291990;S
20240119;100002;2596.000000000;2;9445291991;S
20240119;100002;2596.000000000;50;9445291992;S
20240119;100002;2596.000000000;1;9445291993;S
20240119;100002;2595.800000000;1;9445291994;S
20240119;100002;2595.800000000;2;9445291995;S
20240119;100002;2595.800000000;1;9445291996;S
20240119;100002;2595.800000000;12;9445291997;S
20240119;100002;2595.800000000;2;9445291998;S
20240119;100002;2595.800000000;2;9445291999;S
20240119;100002;2595.800000000;1;9445292000;S
20240119;100002;2595.800000000;1;9445292001;S
20240119;100002;2595.800000000;1;9445292002;S
20240119;100002;2595.800000000;1;9445292003;S
20240119;100002;2595.800000000;2;9445292004;S
20240119;100002;2595.800000000;2;9445292005;S
20240119;100002;2595.800000000;3;9445292006;S
20240119;100002;2595.400000000;1;9445292007;S
20240119;100002;2595.400000000;2;9445292008;S
20240119;100002;2595.400000000;1;9445292009;S
20240119;100002;2595.400000000;5;9445292010;S
20240119;100002;2595.200000000;78;9445292011;S
20240119;100002;2595.000000000;1;9445292012;S
20240119;100002;2595.000000000;1;9445292013;S
20240119;100002;2595.000000000;1;9445292014;S
20240119;100002;2595.000000000;5;9445292015;S
20240119;100002;2595.000000000;6;9445292016;S
20240119;100002;2595.000000000;10;9445292017;S
20240119;100002;2595.000000000;20;9445292018;S
20240119;100002;2595.000000000;2;9445292019;S
20240119;100002;2595.000000000;20;9445292020;S
20240119;100002;2595.000000000;2;9445292021;S
20240119;100002;2594.800000000;10;9445292022;S
20240119;100002;2594.800000000;1;9445292023;S
20240119;100002;2594.400000000;20;9445292024;S
20240119;100002;2594.200000000;160;9445292025;S
20240119;100002;2594.000000000;19;9445292026;S
20240119;100002;2595.200000000;40;9445292123;S
20240119;100002;2597.200000000;10;9445292177;B
20240119;100003;2596.800000000;1;9445292238;S
20240119;100003;2596.800000000;7;9445292327;S
20240119;100003;2596.800000000;1;9445292621;S
20240119;100004;2596.800000000;4;9445292912;S
20240119;100004;2596.800000000;3;9445292918;S
20240119;100004;2596.200000000;10;9445292919;S
20240119;100004;2596.000000000;3;9445292920;S
20240119;100004;2598.000000000;10;9445293364;S
20240119;100004;2596.800000000;8;9445293365;S
20240119;100004;2596.600000000;32;9445293366;S
20240119;100005;2596.600000000;1;9445293625;S
20240119;100005;2598.600000000;4;9445293637;B
20240119;100005;2596.800000000;1;9445293778;S
20240119;100005;2596.800000000;13;9445293933;S
20240119;100005;2596.600000000;13;9445293934;S
20240119;100005;2596.600000000;1;9445293939;S
20240119;100005;2596.800000000;4;9445294063;S
20240119;100005;2596.800000000;10;9445294065;S
20240119;100005;2596.800000000;1;9445294107;S
20240119;100005;2596.600000000;36;9445294515;S
20240119;100005;2596.600000000;4;9445294538;S
20240119;100005;2598.600000000;92;9445294539;B
20240119;100005;2596.600000000;1;9445294540;S
20240119;100005;2598.600000000;1;9445294663;B
20240119;100005;2596.800000000;2;9445294714;S
20240119;100005;2598.600000000;4;9445295241;B
20240119;100005;2596.600000000;1;9445295242;S
20240119;100006;2596.600000000;1;9445295492;S
20240119;100006;2596.600000000;2;9445295723;S
20240119;100006;2596.600000000;8;9445295981;S
20240119;100006;2595.800000000;7;9445295982;S
20240119;100006;2595.800000000;10;9445295984;S
20240119;100006;2595.800000000;1;9445295986;S
20240119;100006;2596.000000000;21;9445296029;S
20240119;100006;2596.000000000;4;9445296230;S
20240119;100006;2596.000000000;4;9445296235;S
20240119;100007;2598.600000000;1;9445296608;B
20240119;100007;2598.600000000;2;9445296609;B
20240119;100008;2598.400000000;5;9445296929;B
20240119;100008;2598.600000000;11;9445296930;B
20240119;100008;2598.000000000;16;9445296931;S
20240119;100008;2597.000000000;20;9445296932;S
20240119;100008;2597.000000000;14;9445296933;B
20240119;100008;2597.000000000;10;9445296935;B
20240119;100008;2597.000000000;10;9445296936;B
20240119;100008;2597.000000000;30;9445296937;B
20240119;100008;2597.000000000;50;9445296939;B
20240119;100008;2596.800000000;11;9445296955;S
20240119;100010;2598.000000000;16;9445297565;S
20240119;100010;2597.200000000;4;9445297566;S
20240119;100010;2598.600000000;1;9445297869;B
20240119;100010;2598.600000000;17;9445298072;B
20240119;100010;2599.600000000;20;9445298073;B
20240119;100010;2599.800000000;168;9445298074;B
20240119;100010;2600.000000000;93;9445298075;B
20240119;100010;2600.000000000;101;9445298076;B
20240119;100010;2600.800000000;10;9445298077;B
20240119;100010;2601.000000000;10;9445298078;B
20240119;100010;2602.200000000;25;9445298079;B
20240119;100010;2602.800000000;5;9445298080;B
20240119;100010;2603.400000000;93;9445298081;B
20240119;100010;2603.400000000;39;9445298082;B
20240119;100010;2603.600000000;370;9445298083;B
20240119;100010;2603.600000000;49;9445298084;B
20240119;100010;2603.200000000;10;9445298087;B
20240119;100010;2603.200000000;10;9445298088;B
20240119;100011;2600.800000000;39;9445298300;S
20240119;100011;2600.600000000;62;9445298301;S
20240119;100011;2603.800000000;1;9445298330;B
20240119;100012;2601.000000000;5;9445298451;S
20240119;100012;2601.200000000;6;9445298553;S
20240119;100012;2601.200000000;1;9445298554;S
20240119;100012;2601.000000000;4;9445298555;B
20240119;100014;2599.800000000;20;9445298948;S
20240119;100014;2599.600000000;70;9445298949;S
20240119;100014;2599.400000000;10;9445298950;S
20240119;100014;2599.400000000;10;9445298951;S
20240119;100014;2599.400000000;10;9445298952;S
20240119;100014;2599.400000000;10;9445298953;S
20240119;100014;2599.400000000;10;9445298954;S
20240119;100014;2599.400000000;10;9445298955;S
20240119;100014;2598.200000000;2;9445298956;S
20240119;100014;2598.000000000;10;9445298957;S
20240119;100014;2598.000000000;10;9445298958;S
20240119;100014;2598.000000000;10;9445298959;S
20240119;100014;2598.000000000;10;9445298960;S
20240119;100014;2597.400000000;8;9445298961;S
20240119;100015;2602.400000000;1;9445299217;B
20240119;100018;2599.400000000;1;9445300044;S
20240119;100020;2599.600000000;1;9445300541;S
20240119;100023;2599.600000000;1;9445301155;S
20240119;100023;2599.400000000;2;9445301156;S
20240119;100024;2599.800000000;1;9445301289;B
20240119;100025;2599.400000000;1;9445301535;S
20240119;100026;2599.600000000;1;9445301675;B
20240119;100027;2599.400000000;1;9445302147;S
20240119;100027;2599.400000000;5;9445302148;S
20240119;100028;2599.400000000;1;9445302219;S
20240119;100028;2599.400000000;1;9445302220;S
20240119;100028;2599.400000000;4;9445302221;S
20240119;100028;2599.400000000;16;9445302222;S
20240119;100028;2598.600000000;190;9445302223;S
20240119;100028;2597.000000000;1;9445302225;S
20240119;100028;2597.000000000;49;9445302226;S
20240119;100029;2597.800000000;1;9445302634;B
20240119;100030;2597.800000000;1;9445302661;B
20240119;100030;2597.800000000;3;9445302666;B
20240119;100030;2598.000000000;47;9445302667;B
20240119;100030;2597.000000000;9;9445302728;S
20240119;100031;2597.000000000;42;9445303023;S
20240119;100031;2597.000000000;1;9445303024;S
20240119;100031;2596.800000000;5;9445303025;S
20240119;100031;2596.800000000;10;9445303026;S
20240119;100031;2596.800000000;10;9445303027;S
20240119;100031;2595.800000000;52;9445303028;S
20240119;100031;2595.600000000;10;9445303029;S
20240119;100031;2595.600000000;37;9445303030;S
20240119;100031;2595.400000000;2;9445303031;S
20240119;100031;2595.400000000;8;9445303032;S
20240119;100031;2595.400000000;8;9445303033;S
20240119;100031;2595.400000000;8;9445303034;S
20240119;100031;2595.400000000;10;9445303035;S
20240119;100031;2595.400000000;8;9445303036;S
20240119;100031;2595.200000000;3;9445303037;S
20240119;100031;2595.400000000;1;9445303039;S
20240119;100032;2595.400000000;1;9445303172;S
20240119;100032;2597.600000000;1;9445303203;B
20240119;100033;2595.400000000;1;9445303254;S
20240119;100033;2597.600000000;1;9445303322;B
20240119;100033;2595.400000000;77;9445303416;S
20240119;100033;2595.200000000;100;9445303417;S
20240119;100033;2595.000000000;562;9445303418;S
20240119;100033;2595.000000000;1;9445303419;S
20240119;100033;2595.000000000;1;9445303420;S
20240119;100033;2595.000000000;1;9445303421;S
20240119;100033;2594.000000000;2;9445303422;S
20240119;100033;2593.600000000;1;9445303423;S
20240119;100033;2593.200000000;1;9445303424;S
20240119;100033;2592.800000000;202;9445303425;S
20240119;100033;2593.200000000;10;9445303426;S
20240119;100033;2593.200000000;20;9445303427;B
20240119;100033;2597.200000000;100;9445303428;S
20240119;100033;2597.200000000;40;9445303429;S
20240119;100033;2596.800000000;10;9445303433;B
20240119;100033;2596.800000000;10;9445303434;B
20240119;100034;2593.400000000;2;9445303474;S
20240119;100034;2593.800000000;2;9445303587;S
20240119;100034;2593.600000000;11;9445303588;S
20240119;100034;2593.400000000;1;9445303632;S
20240119;100034;2593.600000000;19;9445303662;S
20240119;100035;2593.600000000;52;9445303750;S
20240119;100035;2593.400000000;37;9445303751;S
20240119;100036;2593.200000000;20;9445303994;B
20240119;100037;2593.400000000;1;9445304186;B
20240119;100039;2592.000000000;2;9445304359;S
20240119;100039;2592.000000000;1;9445304360;B
20240119;100039;2593.400000000;4;9445304361;B
20240119;100039;2594.000000000;5;9445304362;B
20240119;100039;2594.600000000;20;9445304363;B
20240119;100039;2594.400000000;1;9445304391;S
20240119;100039;2594.400000000;3;9445304393;S
20240119;100039;2594.600000000;10;9445304394;B
20240119;100039;2594.600000000;10;9445304395;B
20240119;100040;2594.400000000;20;9445304469;S
20240119;100040;2596.000000000;6;9445304517;S
20240119;100041;2594.600000000;15;9445304665;B
20240119;100042;2593.200000000;5;9445304766;S
20240119;100042;2594.400000000;1;9445304792;B
20240119;100043;2593.000000000;35;9445304858;S
20240119;100043;2593.000000000;18;9445304859;S
20240119;100043;2592.800000000;20;9445304860;S
20240119;100043;2592.600000000;53;9445304861;S
20240119;100043;2592.200000000;1;9445304862;S
20240119;100043;2591.800000000;100;9445304863;S
20240119;100043;2591.600000000;5;9445304864;S
20240119;100043;2591.400000000;1;9445304865;S
20240119;100043;2591.000000000;40;9445304866;S
20240119;100043;2591.000000000;1;9445304867;S
20240119;100043;2591.000000000;1;9445304868;S
20240119;100043;2591.000000000;1;9445304869;S
20240119;100043;2590.600000000;40;9445304870;S
20240119;100043;2590.400000000;186;9445304871;S
20240119;100043;2590.200000000;1;9445304872;S
20240119;100043;2590.200000000;1;9445304873;S
20240119;100043;2590.200000000;1;9445304874;S
20240119;100043;2590.200000000;2;9445304875;S
20240119;100043;2590.200000000;5;9445304876;S
20240119;100043;2590.200000000;50;9445304877;S
20240119;100043;2590.200000000;5;9445304878;S
20240119;100043;2590.200000000;1;9445304879;S
20240119;100043;2590.200000000;1;9445304880;S
20240119;100043;2590.200000000;20;9445304881;S
20240119;100043;2590.000000000;61;9445304882;S
20240119;100043;2590.400000000;4;9445304883;S
20240119;100043;2590.400000000;1;9445304884;S
20240119;100043;2590.400000000;20;9445304885;S
20240119;100043;2590.600000000;39;9445304886;S
20240119;100043;2590.200000000;11;9445304887;S
20240119;100043;2590.400000000;5;9445304891;S
20240119;100043;2590.600000000;10;9445304893;S
20240119;100043;2590.600000000;3;9445304899;S
20240119;100043;2590.600000000;3;9445304900;S
20240119;100043;2590.600000000;2;9445304902;S
20240119;100043;2590.600000000;12;9445304912;S
20240119;100043;2592.600000000;1;9445304913;B
20240119;100043;2590.800000000;1;9445304927;S
20240119;100043;2590.600000000;4;9445304928;S
20240119;100043;2592.600000000;10;9445304929;B
20240119;100043;2590.600000000;2;9445304930;S
20240119;100043;2590.600000000;15;9445304931;S
20240119;100043;2590.600000000;14;9445304932;S
20240119;100043;2590.600000000;10;9445304934;S
20240119;100043;2590.600000000;3;9445304935;S
20240119;100043;2590.600000000;7;9445304936;S
20240119;100043;2590.600000000;6;9445304937;S
20240119;100043;2590.600000000;1;9445304938;S
20240119;100043;2592.600000000;1;9445304939;B
20240119;100043;2590.800000000;1;9445304949;S
20240119;100043;2592.400000000;13;9445304955;B
20240119;100043;2590.400000000;28;9445304962;S
20240119;100043;2590.200000000;2;9445304963;S
20240119;100043;2590.200000000;1;9445304968;S
20240119;100043;2590.200000000;9;9445304983;S
20240119;100043;2590.600000000;2;9445304998;S
20240119;100043;2590.200000000;8;9445304999;S
20240119;100043;2590.200000000;80;9445305001;S
20240119;100043;2591.800000000;2;9445305003;B
20240119;100043;2590.200000000;5;9445305007;S
20240119;100043;2590.000000000;15;9445305008;S
20240119;100043;2590.000000000;34;9445305010;S
20240119;100043;2590.200000000;1;9445305011;S
20240119;100043;2590.200000000;1;9445305012;S
20240119;100043;2590.000000000;18;9445305013;S
20240119;100044;2590.000000000;100;9445305023;S
20240119;100044;2590.200000000;1;9445305024;S
20240119;100044;2590.000000000;3;9445305025;S
20240119;100044;2590.000000000;12;9445305026;S
20240119;100044;2591.800000000;2;9445305027;B
20240119;100044;2591.800000000;1;9445305029;B
20240119;100044;2590.200000000;1;9445305030;S
20240119;100044;2590.200000000;1;9445305035;S
20240119;100044;2590.000000000;17;9445305037;S
20240119;100044;2590.000000000;41;9445305038;S
20240119;100044;2590.000000000;9;9445305039;S
20240119;100044;2590.000000000;2;9445305040;S
20240119;100044;2590.400000000;10;9445305042;S
20240119;100044;2590.000000000;27;9445305043;S
20240119;100044;2590.000000000;10;9445305044;S
20240119;100044;2590.000000000;10;9445305045;S
20240119;100044;2590.000000000;1;9445305047;S
20240119;100044;2591.400000000;1;9445305048;B
20240119;100044;2590.000000000;5;9445305049;S
20240119;100044;2590.000000000;1;9445305050;S
20240119;100044;2590.000000000;6;9445305051;S
20240119;100044;2590.000000000;14;9445305054;S
20240119;100044;2590.000000000;2;9445305064;S
20240119;100044;2590.000000000;20;9445305065;S
20240119;100044;2590.000000000;92;9445305066;S
20240119;100044;2590.000000000;1;9445305067;S
20240119;100044;2590.000000000;1;9445305068;S
20240119;100044;2590.000000000;1;9445305069;S
20240119;100044;2590.000000000;1;9445305070;S
20240119;100044;2590.000000000;1;9445305071;S
20240119;100044;2590.000000000;1;9445305072;S
20240119;100044;2590.000000000;1;9445305073;S
20240119;100044;2590.000000000;1;9445305074;S
20240119;100044;2590.000000000;2;9445305075;S
20240119;100044;2590.000000000;2;9445305076;S
20240119;100044;2590.000000000;10;9445305077;S
20240119;100044;2590.000000000;2;9445305078;S
20240119;100044;2590.000000000;5;9445305079;S
20240119;100044;2590.000000000;1;9445305080;S
20240119;100044;2590.000000000;10;9445305081;S
20240119;100044;2590.000000000;1;9445305082;S
20240119;100044;2590.000000000;10;9445305083;S
20240119;100044;2590.000000000;1;9445305084;S
20240119;100044;2590.000000000;1;9445305085;S
20240119;100044;2590.000000000;5;9445305086;S
20240119;100044;2590.000000000;10;9445305091;S
20240119;100044;2590.000000000;4;9445305092;S
20240119;100044;2590.000000000;5;9445305093;S
20240119;100044;2590.000000000;4;9445305094;S
20240119;100044;2590.000000000;2;9445305095;S
20240119;100044;2590.000000000;3;9445305096;S
20240119;100044;2590.000000000;1;9445305099;S
20240119;100044;2590.000000000;1;9445305100;S
20240119;100044;2590.000000000;1;9445305103;S
20240119;100044;2590.000000000;19;9445305104;S
20240119;100044;2590.000000000;1;9445305105;S
20240119;100044;2590.000000000;1;9445305106;S
20240119;100044;2590.000000000;2;9445305107;S
20240119;100044;2590.000000000;10;9445305108;S
20240119;100044;2590.000000000;1;9445305109;S
20240119;100044;2590.000000000;1;9445305110;S
20240119;100044;2590.000000000;1;9445305111;S
20240119;100044;2590.000000000;20;9445305112;S
20240119;100044;2590.000000000;3;9445305113;S
20240119;100044;2590.000000000;10;9445305114;S
20240119;100044;2590.000000000;2;9445305115;S
20240119;100044;2590.000000000;4;9445305116;S
20240119;100044;2590.000000000;1;9445305117;S
20240119;100044;2590.000000000;1;9445305118;S
20240119;100044;2590.000000000;10;9445305119;S
20240119;100044;2590.000000000;1;9445305120;S
20240119;100044;2590.000000000;1;9445305121;S
20240119;100044;2590.000000000;10;9445305122;S
20240119;100044;2590.000000000;2;9445305123;S
20240119;100044;2590.000000000;10;9445305124;S
20240119;100044;2590.000000000;1;9445305125;S
20240119;100044;2590.000000000;5;9445305126;S
20240119;100044;2590.000000000;1;9445305127;S
20240119;100044;2590.000000000;6;9445305128;S
20240119;100044;2590.000000000;10;9445305129;B
20240119;100044;2590.000000000;10;9445305131;B
20240119;100044;2590.000000000;10;9445305132;B
20240119;100044;2590.000000000;10;9445305133;B
20240119;100044;2590.000000000;1;9445305136;B
20240119;100044;2590.000000000;1;9445305137;B
20240119;100044;2589.800000000;5;9445305138;S
20240119;100044;2590.000000000;12;9445305141;B
20240119;100044;2589.800000000;5;9445305146;S
20240119;100044;2589.400000000;5;9445305147;S
20240119;100044;2589.400000000;3;9445305148;S
20240119;100044;2589.400000000;10;9445305149;S
20240119;100044;2589.000000000;15;9445305150;S
20240119;100044;2590.000000000;4;9445305153;B
20240119;100044;2590.000000000;2;9445305154;B
20240119;100044;2589.000000000;10;9445305156;S
20240119;100044;2589.000000000;45;9445305157;B
20240119;100044;2589.800000000;20;9445305160;B
20240119;100044;2589.800000000;2;9445305161;B
20240119;100044;2589.000000000;2;9445305163;S
20240119;100044;2589.000000000;4;9445305164;S
20240119;100044;2589.000000000;34;9445305168;S
20240119;100044;2588.600000000;1;9445305169;S
20240119;100044;2588.600000000;29;9445305170;S
20240119;100044;2588.600000000;39;9445305171;S
20240119;100044;2588.400000000;2;9445305172;S
20240119;100044;2588.400000000;1;9445305173;S
20240119;100044;2588.400000000;100;9445305174;S
20240119;100044;2588.200000000;10;9445305175;S
20240119;100044;2588.200000000;16;9445305176;S
20240119;100044;2588.200000000;3;9445305177;S
20240119;100044;2588.000000000;1;9445305178;S
20240119;100044;2588.000000000;25;9445305179;S
20240119;100044;2588.000000000;1;9445305180;S
20240119;100044;2588.000000000;176;9445305181;S
20240119;100044;2588.000000000;1;9445305182;S
20240119;100044;2587.800000000;51;9445305183;S
20240119;100044;2587.800000000;4;9445305205;S
20240119;100044;2589.800000000;1;9445305227;B
20240119;100044;2589.800000000;1;9445305228;B
20240119;100044;2588.000000000;24;9445305232;S
20240119;100044;2588.000000000;15;9445305235;S
20240119;100044;2587.800000000;10;9445305236;S
20240119;100044;2587.800000000;35;9445305237;S
20240119;100044;2587.800000000;5;9445305238;S
20240119;100044;2587.800000000;26;9445305239;S
20240119;100044;2589.600000000;1;9445305240;B
20240119;100044;2587.800000000;10;9445305241;S
20240119;100044;2587.800000000;2;9445305249;S
20240119;100044;2587.600000000;5;9445305250;S
20240119;100044;2589.600000000;1;9445305253;B
20240119;100044;2587.600000000;5;9445305256;S
20240119;100044;2587.600000000;2;9445305258;S
20240119;100044;2589.600000000;1;9445305261;B
20240119;100044;2589.600000000;1;9445305267;B
20240119;100044;2587.800000000;3;9445305269;S
20240119;100044;2587.600000000;1;9445305273;S
20240119;100044;2587.800000000;1;9445305275;S
20240119;100044;2587.800000000;1;9445305279;S
20240119;100044;2587.600000000;4;9445305280;S
20240119;100044;2589.600000000;1;9445305282;B
20240119;100044;2587.600000000;24;9445305284;S
20240119;100044;2589.600000000;1;9445305289;B
20240119;100044;2587.600000000;9;9445305290;S
20240119;100044;2587.600000000;7;9445305291;S
20240119;100044;2587.600000000;3;9445305323;S
20240119;100044;2587.200000000;2;9445305324;S
20240119;100044;2587.000000000;4;9445305325;S
20240119;100045;2587.200000000;16;9445305354;S
20240119;100045;2587.200000000;6;9445305355;S
20240119;100045;2587.000000000;246;9445305356;S
20240119;100045;2587.000000000;1;9445305357;S
20240119;100045;2587.000000000;16;9445305358;S
20240119;100045;2587.000000000;10;9445305359;S
20240119;100045;2586.600000000;2;9445305360;S
20240119;100045;2586.600000000;1;9445305361;S
20240119;100045;2586.600000000;1;9445305362;S
20240119;100045;2586.600000000;2;9445305363;S
20240119;100045;2586.600000000;4;9445305364;S
20240119;100045;2586.600000000;146;9445305365;S
20240119;100045;2586.600000000;9;9445305371;S
20240119;100045;2586.600000000;46;9445305395;S
20240119;100045;2588.400000000;5;9445305404;B
20240119;100045;2588.000000000;15;9445305406;S
20240119;100045;2586.800000000;5;9445305407;S
20240119;100045;2586.800000000;20;9445305408;B
20240119;100045;2588.200000000;20;9445305409;B
20240119;100045;2588.000000000;2;9445305410;B
20240119;100045;2588.000000000;1;9445305421;B
20240119;100045;2586.800000000;39;9445305426;S
20240119;100045;2586.800000000;3;9445305427;S
20240119;100045;2586.800000000;3;9445305429;S
20240119;100045;2586.600000000;27;9445305430;S
20240119;100045;2586.600000000;20;9445305431;S
20240119;100045;2586.600000000;20;9445305432;S
20240119;100045;2586.600000000;1;9445305433;S
20240119;100045;2586.600000000;150;9445305434;S
20240119;100045;2586.600000000;82;9445305435;S
20240119;100045;2588.000000000;15;9445305437;B
20240119;100045;2587.000000000;1;9445305440;S
20240119;100045;2588.000000000;1;9445305442;B
20240119;100045;2586.600000000;6;9445305444;S
20240119;100045;2588.000000000;1;9445305445;B
20240119;100045;2588.000000000;10;9445305446;B
20240119;100045;2588.000000000;1;9445305448;B
20240119;100045;2586.800000000;6;9445305449;S
20240119;100045;2586.600000000;44;9445305450;S
20240119;100045;2586.600000000;38;9445305451;S
20240119;100045;2586.600000000;20;9445305452;S
20240119;100045;2587.800000000;60;9445305454;B
20240119;100045;2587.000000000;5;9445305458;S
20240119;100045;2586.600000000;7;9445305459;S
20240119;100045;2587.000000000;11;9445305461;B
20240119;100045;2587.800000000;76;9445305470;B
20240119;100045;2588.000000000;20;9445305471;B
20240119;100045;2588.600000000;4;9445305472;B
20240119;100045;2588.600000000;10;9445305477;B
20240119;100045;2588.000000000;1;9445305485;S
20240119;100045;2588.000000000;1;9445305486;S
20240119;100045;2587.000000000;1;9445305487;S
20240119;100045;2586.800000000;43;9445305488;S
20240119;100045;2586.600000000;18;9445305492;S
20240119;100045;2586.600000000;50;9445305495;S
20240119;100045;2588.400000000;2;9445305496;B
20240119;100045;2588.600000000;4;9445305516;B
20240119;100045;2589.200000000;23;9445305518;S
20240119;100045;2589.200000000;10;9445305525;S
20240119;100045;2589.200000000;5;9445305526;S
20240119;100045;2589.200000000;10;9445305527;S
20240119;100045;2589.200000000;160;9445305528;S
20240119;100045;2589.200000000;40;9445305530;S
20240119;100045;2589.200000000;10;9445305531;S
20240119;100045;2589.200000000;5;9445305544;S
20240119;100045;2589.200000000;15;9445305552;S
20240119;100046;2589.200000000;20;9445305606;S
20240119;100046;2589.200000000;40;9445305646;S
20240119;100046;2589.200000000;50;9445305647;S
20240119;100046;2589.200000000;10;9445305657;S
20240119;100047;2589.200000000;5;9445305778;S
20240119;100047;2589.200000000;15;9445305810;S
20240119;100048;2589.200000000;3;9445305920;S
20240119;100049;2589.200000000;2;9445306182;S
20240119;100049;2589.200000000;2;9445306222;S
20240119;100049;2589.800000000;1;9445306329;B
20240119;100050;2589.400000000;1;9445306534;S
20240119;100050;2589.200000000;14;9445306535;S
20240119;100051;2589.200000000;76;9445306671;S
20240119;100052;2589.200000000;10;9445306834;S
20240119;100053;2589.800000000;200;9445306906;B
20240119;100053;2589.800000000;16;9445306927;B
20240119;100053;2589.200000000;71;9445306994;S
20240119;100053;2589.200000000;29;9445306995;S
20240119;100054;2589.200000000;25;9445307028;S
20240119;100054;2589.200000000;6;9445307049;S
20240119;100054;2589.600000000;1;9445307116;B
20240119;100054;2589.600000000;8;9445307155;B
20240119;100054;2589.800000000;17;9445307156;B
20240119;100054;2589.200000000;26;9445307181;S
20240119;100054;2589.000000000;1;9445307182;S
20240119;100054;2589.800000000;25;9445307198;B
20240119;100054;2589.000000000;3;9445307261;S
20240119;100054;2588.800000000;17;9445307262;S
20240119;100054;2588.800000000;3;9445307298;S
20240119;100054;2588.200000000;1;9445307299;S
20240119;100055;2588.200000000;3;9445307340;S
20240119;100055;2588.000000000;3;9445307341;S
20240119;100055;2588.000000000;4;9445307342;S
20240119;100055;2588.000000000;35;9445307436;S
20240119;100055;2588.000000000;2;9445307437;S
20240119;100055;2587.800000000;2;9445307438;S
20240119;100055;2587.400000000;1;9445307439;S
20240119;100055;2587.400000000;20;9445307440;S
20240119;100055;2587.000000000;1;9445307441;S
20240119;100055;2587.000000000;2;9445307442;S
20240119;100055;2587.000000000;1;9445307443;S
20240119;100055;2587.000000000;36;9445307444;S
20240119;100055;2588.400000000;5;9445307614;S
20240119;100055;2587.000000000;4;9445307615;S
20240119;100055;2586.600000000;5;9445307616;S
20240119;100056;2588.000000000;3;9445307748;B
20240119;100056;2587.000000000;1;9445307810;S
20240119;100056;2586.600000000;9;9445307811;S
20240119;100057;2586.600000000;30;9445307866;S
20240119;100057;2588.000000000;17;9445307873;B
20240119;100057;2589.000000000;5;9445307874;B
20240119;100057;2589.400000000;28;9445307875;B
20240119;100057;2589.400000000;1;9445307892;B
20240119;100057;2586.800000000;10;9445307912;S
20240119;100057;2587.600000000;20;9445307985;B
20240119;100057;2587.400000000;1;9445307999;S
20240119;100058;2587.400000000;2;9445308030;S
20240119;100059;2587.600000000;20;9445308189;S
20240119;100059;2587.200000000;5;9445308190;S
20240119;100059;2589.400000000;5;9445308195;B
20240119;100059;2589.600000000;5;9445308196;B
20240119;100059;2589.600000000;3;9445308197;B
20240119;100059;2589.800000000;3;9445308198;B
20240119;100059;2589.800000000;39;9445308199;B
20240119;100059;2589.800000000;140;9445308200;B
20240119;100059;2590.000000000;106;9445308201;B
20240119;100059;2590.000000000;2;9445308202;B
20240119;100059;2590.000000000;180;9445308203;B
20240119;100059;2590.000000000;20;9445308204;B
20240119;100059;2590.200000000;4;9445308205;B
20240119;100059;2592.800000000;5;9445308206;B
20240119;100059;2593.000000000;25;9445308207;B
20240119;100059;2593.000000000;100;9445308208;B
20240119;100059;2594.400000000;320;9445308209;B
20240119;100059;2594.600000000;43;9445308210;B
20240119;100059;2594.400000000;7;9445308238;B
20240119;100059;2594.600000000;2;9445308239;B
20240119;100059;2591.000000000;5;9445308271;S
20240119;100100;2589.800000000;1;9445308375;S
20240119;100100;2589.800000000;1;9445308376;S
20240119;100100;2589.600000000;5;9445308377;S
20240119;100100;2588.800000000;20;9445308378;S
20240119;100100;2590.800000000;1;9445308419;S
20240119;100100;2588.600000000;6;9445308465;S
20240119;100100;2588.600000000;3;9445308466;B
20240119;100100;2591.200000000;5;9445308491;B
20240119;100100;2592.000000000;2;9445308492;B
20240119;100100;2592.000000000;6;9445308493;B
20240119;100100;2592.200000000;20;9445308494;B
20240119;100100;2594.800000000;39;9445308495;B
20240119;100100;2594.800000000;25;9445308496;B
20240119;100100;2595.000000000;62;9445308497;B
20240119;100100;2595.000000000;30;9445308498;B
20240119;100100;2596.000000000;61;9445308499;B
20240119;100101;2593.600000000;1;9445308729;B
20240119;100103;2590.600000000;1;9445309012;S
20240119;100105;2590.600000000;1;9445309392;S
20240119;100106;2590.600000000;20;9445309521;S
20240119;100106;2590.600000000;2;9445309522;S
20240119;100106;2590.400000000;25;9445309523;S
20240119;100106;2590.200000000;6;9445309524;S
20240119;100106;2590.000000000;1;9445309525;S
20240119;100106;2590.000000000;3;9445309526;S
20240119;100106;2590.000000000;5;9445309527;S
20240119;100106;2589.800000000;1;9445309528;S
20240119;100106;2589.400000000;17;9445309529;S
20240119;100107;2590.200000000;3;9445309626;S
20240119;100107;2589.400000000;1;9445309627;S
20240119;100107;2590.000000000;1;9445309698;S
20240119;100108;2590.000000000;50;9445309843;B
20240119;100109;2589.200000000;1;9445309952;S
20240119;100109;2590.000000000;5;9445309989;B
20240119;100109;2589.200000000;18;9445310004;S
20240119;100109;2589.200000000;3;9445310005;S
20240119;100113;2589.400000000;6;9445310414;B
20240119;100116;2590.000000000;44;9445311034;B
20240119;100116;2590.000000000;3;9445311035;B
20240119;100116;2590.000000000;2;9445311036;B
20240119;100116;2590.000000000;2;9445311037;B
20240119;100119;2592.000000000;2;9445311399;B
20240119;100119;2592.200000000;5;9445311478;B
20240119;100120;2592.400000000;15;9445311594;S
20240119;100120;2592.400000000;6;9445311595;S
20240119;100120;2591.800000000;50;9445311596;S
20240119;100120;2591.400000000;1;9445311597;S
20240119;100120;2591.000000000;1;9445311598;S
20240119;100120;2590.800000000;1;9445311599;S
20240119;100120;2590.800000000;10;9445311600;S
20240119;100121;2593.000000000;2;9445311737;B
20240119;100121;2592.800000000;1;9445311871;B
20240119;100121;2593.000000000;2;9445311872;B
20240119;100123;2593.000000000;1;9445312095;B
20240119;100123;2593.400000000;10;9445312096;B
20240119;100123;2593.600000000;4;9445312097;B
20240119;100123;2593.800000000;5;9445312098;B
20240119;100123;2593.800000000;2;9445312099;B
20240119;100123;2593.800000000;5;9445312100;B
20240119;100123;2592.800000000;5;9445312190;B
20240119;100124;2594.200000000;10;9445312265;B
20240119;100124;2593.400000000;10;9445312445;S
20240119;100124;2592.800000000;2;9445312446;S
20240119;100124;2592.600000000;6;9445312447;S
20240119;100124;2592.400000000;10;9445312448;S
20240119;100124;2592.000000000;44;9445312449;S
20240119;100130;2594.000000000;3;9445313443;B
20240119;100133;2593.800000000;2;9445313864;B
20240119;100135;2593.600000000;5;9445314161;S
20240119;100135;2593.600000000;5;9445314162;S
20240119;100136;2593.800000000;3;9445314361;B
20240119;100136;2593.800000000;1;9445314362;B
20240119;100136;2594.000000000;2;9445314363;B
20240119;100136;2594.200000000;3;9445314364;B
20240119;100136;2594.200000000;8;9445314386;B
20240119;100137;2594.200000000;1;9445314530;B
20240119;100137;2594.000000000;10;9445314633;B
20240119;100138;2593.800000000;12;9445314676;S
20240119;100143;2594.000000000;1;9445315332;S
20240119;100143;2594.000000000;1;9445315333;S
20240119;100143;2593.800000000;2;9445315334;S
20240119;100143;2593.800000000;1;9445315357;S
20240119;100149;2594.000000000;1;9445316004;S
20240119;100149;2594.200000000;100;9445316089;B
20240119;100150;2594.200000000;1;9445316109;B
20240119;100150;2593.800000000;5;9445316199;S
20240119;100150;2594.200000000;5;9445316216;B
20240119;100151;2593.800000000;6;9445316281;S
20240119;100152;2594.200000000;10;9445316457;B
20240119;100152;2594.200000000;62;9445316486;B
20240119;100152;2594.400000000;6;9445316487;B
20240119;100152;2595.800000000;1;9445316488;B
20240119;100152;2596.000000000;16;9445316489;B
20240119;100152;2596.600000000;10;9445316490;B
20240119;100152;2597.000000000;5;9445316491;B
20240119;100152;2596.800000000;30;9445316492;S
20240119;100152;2596.800000000;30;9445316493;S
20240119;100152;2597.000000000;15;9445316494;B
20240119;100153;2597.200000000;10;9445316495;B
20240119;100153;2597.200000000;5;9445316496;B
20240119;100153;2597.200000000;5;9445316497;B
20240119;100153;2597.600000000;1;9445316524;B
20240119;100154;2597.600000000;9;9445316591;B
20240119;100155;2597.800000000;10;9445316709;B
20240119;100156;2598.000000000;6;9445316805;B
20240119;100200;2598.000000000;8;9445317336;B
20240119;100200;2597.800000000;1;9445317337;S
20240119;100201;2597.800000000;29;9445317487;B
20240119;100201;2598.000000000;21;9445317488;B
20240119;100203;2598.000000000;6;9445317809;B
20240119;100203;2598.200000000;2;9445317810;B
20240119;100203;2598.400000000;1;9445317811;B
20240119;100203;2598.600000000;1;9445317812;B
20240119;100203;2598.600000000;40;9445317844;S
20240119;100205;2598.000000000;1;9445318079;B
20240119;100209;2598.000000000;7;9445318435;B
20240119;100209;2598.000000000;1;9445318436;B
20240119;100209;2598.400000000;1;9445318437;B
20240119;100209;2598.600000000;3;9445318438;B
20240119;100209;2598.800000000;30;9445318439;B
20240119;100209;2599.000000000;50;9445318440;B
20240119;100209;2599.000000000;30;9445318441;B
20240119;100209;2599.200000000;40;9445318442;B
20240119;100209;2599.600000000;50;9445318443;B
20240119;100209;2600.000000000;1;9445318444;B
20240119;100209;2600.000000000;1;9445318445;B
20240119;100209;2600.000000000;250;9445318446;B
20240119;100209;2600.000000000;6;9445318447;B
20240119;100209;2600.000000000;6;9445318448;B
20240119;100209;2600.000000000;11;9445318449;B
20240119;100209;2601.000000000;1;9445318450;B
20240119;100209;2601.000000000;1;9445318451;B
20240119;100209;2601.000000000;4;9445318452;B
20240119;100209;2601.000000000;7;9445318453;B
20240119;100209;2598.600000000;4;9445318470;S
20240119;100209;2598.600000000;2;9445318472;S
20240119;100209;2598.600000000;6;9445318473;S
20240119;100209;2598.600000000;2;9445318477;S
20240119;100209;2598.600000000;2;9445318478;S
20240119;100209;2598.600000000;3;9445318479;S
20240119;100209;2598.600000000;12;9445318480;S
20240119;100209;2598.600000000;8;9445318481;S
20240119;100209;2598.400000000;2;9445318482;S
20240119;100209;2598.400000000;7;9445318483;S
20240119;100209;2598.400000000;30;9445318484;S
20240119;100209;2598.400000000;13;9445318485;S
20240119;100209;2598.400000000;7;9445318486;S
20240119;100209;2598.400000000;7;9445318488;S
20240119;100209;2598.400000000;2;9445318489;S
20240119;100210;2601.000000000;3;9445318619;B
20240119;100210;2601.000000000;17;9445318620;B
20240119;100210;2601.000000000;18;9445318645;B
20240119;100211;2601.600000000;2;9445318680;B
20240119;100215;2601.800000000;10;9445319024;B
20240119;100215;2601.800000000;16;9445319025;B
20240119;100215;2601.800000000;10;9445319026;B
20240119;100215;2601.800000000;10;9445319027;B
20240119;100215;2601.800000000;16;9445319028;B
20240119;100215;2601.800000000;38;9445319029;B
20240119;100215;2601.800000000;186;9445319047;B
20240119;100215;2601.800000000;1;9445319048;B
20240119;100215;2602.000000000;16;9445319049;B
20240119;100215;2602.000000000;10;9445319050;B
20240119;100215;2602.000000000;10;9445319051;B
20240119;100215;2602.000000000;10;9445319052;B
20240119;100215;2602.000000000;10;9445319053;B
20240119;100217;2602.200000000;1;9445319257;B
20240119;100217;2602.200000000;2;9445319258;B
20240119;100217;2602.200000000;1;9445319259;B
20240119;100217;2602.200000000;1;9445319260;B
20240119;100217;2602.200000000;2;9445319261;B
20240119;100217;2602.200000000;2;9445319315;B
20240119;100217;2602.200000000;1;9445319383;B
20240119;100217;2602.600000000;4;9445319384;S
20240119;100217;2602.000000000;1;9445319406;S
20240119;100217;2602.600000000;3;9445319413;B
20240119;100218;2602.600000000;3;9445319531;B
20240119;100218;2603.000000000;4;9445319532;B
20240119;100218;2603.400000000;8;9445319533;B
20240119;100218;2603.600000000;40;9445319534;B
20240119;100218;2603.800000000;10;9445319535;B
20240119;100218;2603.800000000;10;9445319536;B
20240119;100218;2603.800000000;10;9445319537;B
20240119;100218;2603.800000000;10;9445319538;B
20240119;100218;2603.800000000;5;9445319539;B
20240119;100220;2603.000000000;4;9445319704;B
20240119;100220;2602.800000000;10;9445319745;S
20240119;100220;2602.800000000;6;9445319746;S
20240119;100222;2603.000000000;5;9445319944;B
20240119;100223;2602.800000000;4;9445320004;S
20240119;100223;2602.800000000;9;9445320005;S
20240119;100223;2603.000000000;80;9445320013;B
20240119;100224;2603.000000000;50;9445320288;B
20240119;100225;2603.000000000;1;9445320484;B
20240119;100229;2602.800000000;1;9445320985;S
20240119;100229;2602.800000000;1;9445320986;S
20240119;100229;2602.800000000;5;9445321041;S
20240119;100229;2602.800000000;5;9445321103;S
20240119;100229;2602.800000000;16;9445321104;S
20240119;100229;2602.800000000;4;9445321105;S
20240119;100230;2603.000000000;1;9445321256;B
20240119;100231;2602.800000000;6;9445321387;S
20240119;100231;2602.800000000;16;9445321388;S
20240119;100231;2602.800000000;16;9445321389;S
20240119;100231;2602.800000000;16;9445321390;S
20240119;100232;2602.000000000;20;9445321511;B
20240119;100232;2601.800000000;1;9445321572;S
20240119;100234;2602.000000000;1;9445321765;B
20240119;100235;2602.000000000;4;9445321913;B
20240119;100236;2602.000000000;4;9445322109;B
20240119;100236;2602.000000000;11;9445322152;B
20240119;100237;2602.000000000;136;9445322411;B
20240119;100237;2602.800000000;39;9445322412;B
20240119;100237;2602.800000000;50;9445322413;B
20240119;100237;2602.800000000;1;9445322414;B
20240119;100237;2603.000000000;303;9445322415;B
20240119;100237;2603.000000000;8;9445322424;B
20240119;100239;2602.600000000;3;9445322686;B
20240119;100242;2602.600000000;1;9445323072;B
20240119;100242;2602.800000000;1;9445323073;B
20240119;100242;2603.000000000;38;9445323074;B
20240119;100244;2602.000000000;50;9445323349;S
20240119;100247;2602.800000000;2;9445323637;B
20240119;100248;2602.000000000;1;9445323818;S
20240119;100248;2602.800000000;20;9445323820;B
20240119;100251;2603.000000000;100;9445324099;B
20240119;100252;2603.000000000;2;9445324191;B
20240119;100253;2603.000000000;18;9445324333;B
20240119;100254;2603.000000000;2;9445324554;B
20240119;100254;2603.000000000;10;9445324605;B
20240119;100257;2603.000000000;1;9445324845;B
20240119;100257;2603.000000000;2;9445324901;B
20240119;100257;2603.000000000;2;9445324945;B
20240119;100258;2603.000000000;2;9445325034;B
20240119;100300;2602.800000000;1;9445325274;S
20240119;100300;2602.200000000;29;9445325275;S
20240119;100301;2603.000000000;100;9445325320;B
20240119;100301;2603.000000000;2;9445325324;B
20240119;100301;2603.000000000;1;9445325327;B
20240119;100308;2602.800000000;5;9445326605;B
20240119;100308;2602.800000000;6;9445326606;B
20240119;100311;2602.200000000;45;9445326977;S
20240119;100316;2602.200000000;20;9445327493;B
20240119;100319;2602.200000000;35;9445327892;B
20240119;100319;2602.200000000;1;9445327893;B
20240119;100319;2602.200000000;25;9445327894;B
20240119;100319;2602.200000000;24;9445327895;B
20240119;100319;2602.200000000;10;9445327896;B
20240119;100319;2602.400000000;59;9445327897;B
20240119;100319;2602.400000000;16;9445327898;B
20240119;100319;2602.800000000;2;9445327899;B
20240119;100319;2602.800000000;5;9445327900;B
20240119;100319;2602.800000000;23;9445327901;B
20240119;100320;2602.200000000;37;9445327978;S
20240119;100320;2602.000000000;23;9445327979;S
20240119;100322;2602.200000000;18;9445328314;S
20240119;100322;2602.200000000;2;9445328315;S
20240119;100322;2602.000000000;5;9445328316;S
20240119;100323;2602.800000000;9;9445328355;B
20240119;100323;2602.800000000;32;9445328356;B
20240119;100325;2602.800000000;1;9445328729;S
20240119;100325;2603.000000000;2;9445328732;B
20240119;100325;2603.000000000;5;9445328735;B
20240119;100328;2602.800000000;10;9445329081;S
20240119;100329;2602.800000000;1;9445329346;S
20240119;100330;2602.800000000;2;9445329474;S
20240119;100331;2602.800000000;8;9445329563;B
20240119;100331;2603.000000000;17;9445329564;B
20240119;100331;2602.200000000;4;9445329573;S
20240119;100332;2603.000000000;50;9445329670;B
20240119;100340;2603.000000000;2;9445330682;B
20240119;100340;2602.800000000;2;9445330752;S
20240119;100341;2602.200000000;5;9445330911;S
20240119;100341;2602.000000000;10;9445330912;S
20240119;100347;2602.000000000;2;9445331777;S
20240119;100349;2602.200000000;47;9445331976;B
20240119;100349;2602.200000000;1;9445331997;B
20240119;100350;2602.200000000;8;9445332092;B
20240119;100350;2602.200000000;5;9445332093;B
20240119;100350;2602.600000000;2;9445332094;B
20240119;100355;2602.600000000;3;9445332721;B
20240119;100406;2602.200000000;7;9445334325;S
20240119;100406;2602.200000000;23;9445334326;S
20240119;100408;2602.600000000;1;9445334674;B
20240119;100410;2602.600000000;14;9445335145;B
20240119;100410;2602.400000000;4;9445335147;S
20240119;100410;2602.200000000;77;9445335148;S
20240119;100410;2602.200000000;6;9445335149;S
20240119;100410;2602.400000000;2;9445335150;S
20240119;100410;2602.000000000;20;9445335151;S
20240119;100410;2602.000000000;17;9445335152;S
20240119;100410;2602.000000000;4;9445335153;S
20240119;100410;2602.000000000;72;9445335154;S
20240119;100410;2602.000000000;1;9445335246;S
20240119;100412;2602.600000000;6;9445335587;B
20240119;100412;2602.600000000;4;9445335588;S
20240119;100413;2602.800000000;3;9445335739;B
20240119;100413;2602.800000000;2;9445335740;B
20240119;100413;2602.800000000;2;9445335741;B
20240119;100413;2602.800000000;3;9445335742;B
20240119;100422;2602.800000000;8;9445336840;B
20240119;100422;2602.800000000;1;9445336841;B
20240119;100422;2602.800000000;6;9445336842;S
20240119;100426;2603.000000000;1;9445337550;B
20240119;100426;2602.800000000;1;9445337612;S
20240119;100430;2603.000000000;2;9445338214;B
20240119;100432;2602.800000000;10;9445338361;B
20240119;100432;2603.000000000;4;9445338446;B
20240119;100435;2602.800000000;42;9445338985;S
20240119;100453;2602.200000000;1;9445341550;S
20240119;100453;2602.000000000;4;9445341686;S
20240119;100453;2602.000000000;25;9445341687;S
20240119;100453;2602.000000000;3;9445341688;S
20240119;100453;2601.800000000;24;9445341694;S
20240119;100456;2600.800000000;9;9445342017;S
20240119;100456;2600.600000000;30;9445342018;S
20240119;100456;2600.400000000;11;9445342019;S
20240119;100458;2601.600000000;2;9445342249;B
20240119;100459;2601.800000000;1;9445342348;B
20240119;100504;2600.200000000;9;9445343070;S
20240119;100504;2600.200000000;3;9445343071;S
20240119;100504;2600.000000000;10;9445343072;S
20240119;100504;2600.000000000;30;9445343073;S
20240119;100504;2600.000000000;48;9445343074;S
20240119;100506;2600.400000000;10;9445343265;B
20240119;100511;2600.800000000;1;9445343968;B
20240119;100511;2600.400000000;20;9445344066;S
20240119;100511;2600.200000000;8;9445344067;S
20240119;100511;2600.000000000;2;9445344068;S
20240119;100511;2600.000000000;1;9445344069;S
20240119;100511;2600.000000000;2;9445344070;S
20240119;100511;2600.000000000;5;9445344071;S
20240119;100511;2600.000000000;3;9445344072;S
20240119;100511;2600.000000000;10;9445344073;S
20240119;100511;2600.000000000;5;9445344074;S
20240119;100511;2600.000000000;1;9445344075;S
20240119;100511;2599.600000000;40;9445344076;S
20240119;100511;2598.800000000;15;9445344077;S
20240119;100511;2598.200000000;18;9445344078;S
20240119;100511;2598.000000000;70;9445344079;S
20240119;100511;2597.800000000;10;9445344080;S
20240119;100511;2597.800000000;4;9445344081;S
20240119;100511;2597.800000000;3;9445344082;S
20240119;100511;2597.400000000;20;9445344083;S
20240119;100511;2597.200000000;5;9445344084;S
20240119;100511;2597.200000000;40;9445344085;S
20240119;100511;2597.000000000;5;9445344086;S
20240119;100511;2597.000000000;88;9445344087;S
20240119;100514;2597.400000000;6;9445344454;B
20240119;100520;2597.600000000;8;9445345415;S
20240119;100520;2597.600000000;40;9445345416;S
20240119;100521;2597.200000000;1;9445345610;S
20240119;100521;2597.200000000;14;9445345611;S
20240119;100521;2597.200000000;1;9445345677;B
20240119;100523;2597.200000000;1;9445345922;B
20240119;100525;2597.200000000;1;9445346163;B
20240119;100532;2597.400000000;52;9445347034;B
20240119;100532;2597.400000000;8;9445347035;B
20240119;100532;2597.400000000;72;9445347036;B
20240119;100532;2597.400000000;4;9445347039;B
20240119;100533;2597.400000000;20;9445347157;B
20240119;100536;2597.400000000;3;9445347487;B
20240119;100537;2597.200000000;6;9445347607;S
20240119;100537;2597.200000000;1;9445347608;S
20240119;100537;2597.000000000;1;9445347609;S
20240119;100537;2597.000000000;2;9445347610;S
20240119;100537;2597.400000000;101;9445347676;B
20240119;100537;2597.400000000;8;9445347677;B
20240119;100537;2597.600000000;13;9445347678;B
20240119;100537;2598.000000000;500;9445347679;B
20240119;100538;2599.000000000;32;9445347808;S
20240119;100538;2598.800000000;18;9445347809;S
20240119;100541;2598.600000000;50;9445348133;S
20240119;100544;2598.400000000;1;9445348492;S
20240119;100544;2598.400000000;8;9445348493;S
20240119;100544;2598.000000000;91;9445348494;S
20240119;100549;2599.200000000;50;9445349144;B
20240119;100549;2599.600000000;39;9445349145;B
20240119;100549;2599.600000000;50;9445349146;B
20240119;100549;2599.800000000;50;9445349147;B
20240119;100549;2599.800000000;50;9445349148;B
20240119;100549;2599.800000000;40;9445349149;B
20240119;100549;2600.000000000;5;9445349150;B
20240119;100549;2600.800000000;2;9445349151;B
20240119;100549;2600.800000000;2;9445349152;B
20240119;100549;2601.000000000;12;9445349153;B
20240119;100552;2601.000000000;54;9445349805;B
20240119;100552;2601.200000000;10;9445349806;B
20240119;100552;2601.200000000;36;9445349807;B
20240119;100552;2599.600000000;30;9445349858;S
20240119;100555;2601.000000000;11;9445350199;B
20240119;100555;2601.200000000;14;9445350200;B
20240119;100555;2601.200000000;39;9445350201;B
20240119;100555;2601.200000000;12;9445350202;B
20240119;100555;2601.400000000;25;9445350203;B
20240119;100555;2601.400000000;45;9445350204;B
20240119;100558;2599.800000000;11;9445350542;S
20240119;100558;2601.200000000;4;9445350560;B
20240119;100558;2601.400000000;39;9445350561;B
20240119;100558;2601.400000000;12;9445350562;B
20240119;100558;2601.600000000;50;9445350563;B
20240119;100558;2601.800000000;24;9445350564;B
20240119;100558;2602.000000000;1;9445350565;B
20240119;100558;2602.000000000;2;9445350566;B
20240119;100558;2602.000000000;130;9445350567;B
20240119;100558;2602.000000000;40;9445350568;B
20240119;100558;2602.200000000;1;9445350569;B
20240119;100558;2602.200000000;160;9445350570;B
20240119;100558;2602.400000000;8;9445350571;B
20240119;100558;2602.600000000;146;9445350572;B
20240119;100558;2602.800000000;34;9445350573;B
20240119;100558;2602.800000000;186;9445350574;B
20240119;100558;2603.000000000;1185;9445350575;B
20240119;100558;2603.000000000;978;9445350576;B
20240119;100559;2602.800000000;1;9445350661;B
20240119;100600;2602.800000000;10;9445350791;B
20240119;100600;2602.800000000;28;9445350800;B
20240119;100600;2603.000000000;22;9445350801;B
20240119;100600;2603.000000000;10;9445350802;B
20240119;100600;2603.000000000;3;9445350803;B
20240119;100600;2603.000000000;2;9445350804;B
20240119;100600;2603.000000000;4;9445350805;B
20240119;100600;2603.000000000;2;9445350806;B
20240119;100600;2603.000000000;10;9445350807;B
20240119;100600;2603.000000000;119;9445350808;B
20240119;100602;2602.800000000;1;9445351025;B
20240119;100602;2601.600000000;11;9445351063;S
20240119;100602;2601.600000000;14;9445351064;S
20240119;100602;2602.800000000;2;9445351070;B
20240119;100609;2602.800000000;13;9445351673;B
20240119;100609;2603.000000000;86;9445351674;B
20240119;100613;2602.200000000;6;9445352163;S
20240119;100613;2602.000000000;5;9445352164;S
20240119;100613;2601.800000000;12;9445352165;S
20240119;100613;2601.800000000;12;9445352166;S
20240119;100613;2601.800000000;40;9445352167;S
20240119;100613;2601.200000000;3;9445352168;S
20240119;100618;2602.800000000;1;9445352665;B
20240119;100621;2602.800000000;6;9445352947;B
20240119;100622;2601.800000000;11;9445353073;S
20240119;100622;2601.800000000;39;9445353074;S
20240119;100622;2601.600000000;171;9445353075;S
20240119;100625;2602.800000000;18;9445353323;B
20240119;100625;2602.800000000;39;9445353324;B
20240119;100625;2602.800000000;43;9445353325;S
20240119;100627;2602.000000000;39;9445353529;B
20240119;100627;2602.200000000;11;9445353530;B
20240119;100630;2601.600000000;1;9445353990;S
20240119;100634;2602.000000000;1;9445354563;B
20240119;100637;2602.000000000;1;9445354864;B
20240119;100639;2601.600000000;2;9445355075;S
20240119;100640;2602.000000000;1;9445355217;B
20240119;100643;2602.000000000;10;9445355713;B
20240119;100643;2601.600000000;5;9445355790;S
20240119;100651;2601.600000000;2;9445356466;S
20240119;100651;2602.000000000;2;9445356486;B
20240119;100655;2602.000000000;1;9445356927;B
20240119;100655;2601.600000000;69;9445356964;S
20240119;100655;2601.600000000;10;9445356965;S
20240119;100655;2601.600000000;6;9445356966;S
20240119;100655;2601.600000000;14;9445356967;S
20240119;100655;2601.400000000;2;9445356968;S
20240119;100707;2601.400000000;1;9445358300;B
20240119;100715;2601.400000000;19;9445359298;B
20240119;100715;2601.400000000;11;9445359299;B
20240119;100715;2601.600000000;1;9445359300;B
20240119;100715;2601.600000000;9;9445359301;B
20240119;100717;2601.000000000;6;9445359417;S
20240119;100719;2601.000000000;9;9445359759;S
20240119;100721;2601.000000000;4;9445359932;S
20240119;100721;2601.000000000;3;9445360042;S
20240119;100725;2601.000000000;2;9445360542;S
20240119;100726;2601.000000000;1;9445360839;S
20240119;100727;2601.000000000;8;9445361068;S
20240119;100729;2601.000000000;5;9445361405;S
20240119;100729;2601.000000000;2;9445361414;S
20240119;100729;2601.400000000;3;9445361440;B
20240119;100730;2601.000000000;5;9445361549;S
20240119;100731;2601.400000000;1;9445361877;B
20240119;100734;2601.000000000;1;9445362345;S
20240119;100735;2601.400000000;10;9445362490;B
20240119;100739;2601.000000000;20;9445362854;S
20240119;100739;2601.400000000;10;9445362946;B
20240119;100745;2601.400000000;20;9445363698;B
20240119;100748;2601.400000000;30;9445364179;B
20240119;100752;2601.000000000;1;9445364607;S
20240119;100754;2601.000000000;13;9445364764;S
20240119;100756;2601.400000000;6;9445365051;B
20240119;100759;2601.400000000;4;9445365476;B
20240119;100803;2601.400000000;6;9445365940;B
20240119;100804;2601.800000000;2;9445366035;B
20240119;100806;2602.000000000;2;9445366518;B
20240119;100807;2601.400000000;3;9445366674;S
20240119;100807;2601.200000000;4;9445366675;S
20240119;100809;2601.200000000;35;9445367042;S
20240119;100809;2601.000000000;18;9445367043;S
20240119;100809;2601.000000000;20;9445367044;S
20240119;100809;2600.800000000;145;9445367045;S
20240119;100809;2600.200000000;11;9445367046;S
20240119;100809;2600.000000000;2;9445367047;S
20240119;100809;2600.000000000;1;9445367048;S
20240119;100809;2600.000000000;100;9445367049;S
20240119;100809;2600.000000000;100;9445367050;S
20240119;100809;2600.000000000;10;9445367051;S
20240119;100809;2600.000000000;50;9445367052;S
20240119;100809;2600.000000000;30;9445367053;S
20240119;100809;2600.000000000;2;9445367054;S
20240119;100809;2600.000000000;2;9445367055;S
20240119;100809;2599.800000000;174;9445367056;S
20240119;100809;2600.000000000;50;9445367057;B
20240119;100809;2600.000000000;50;9445367058;B
20240119;100809;2599.800000000;39;9445367059;S
20240119;100809;2600.000000000;10;9445367081;B
20240119;100813;2598.400000000;5;9445367662;S
20240119;100813;2598.200000000;39;9445367663;S
20240119;100813;2598.000000000;287;9445367664;S
20240119;100813;2598.000000000;10;9445367665;S
20240119;100813;2598.000000000;100;9445367666;S
20240119;100813;2597.600000000;40;9445367667;S
20240119;100813;2597.200000000;20;9445367668;S
20240119;100813;2597.000000000;98;9445367669;S
20240119;100813;2597.000000000;48;9445367670;S
20240119;100813;2596.200000000;100;9445367671;S
20240119;100813;2596.000000000;1;9445367672;S
20240119;100813;2596.000000000;1;9445367673;S
20240119;100813;2596.000000000;50;9445367674;S
20240119;100813;2595.600000000;201;9445367675;S
20240119;100817;2596.000000000;2;9445368245;S
20240119;100825;2596.000000000;1;9445369000;B
20240119;100825;2597.800000000;39;9445369049;B
20240119;100825;2598.000000000;1;9445369050;B
20240119;100825;2598.000000000;11;9445369051;B
20240119;100825;2598.000000000;19;9445369052;B
20240119;100825;2598.000000000;30;9445369053;S
20240119;100834;2598.400000000;2;9445369873;B
20240119;100836;2598.000000000;80;9445370070;S
20240119;100839;2598.000000000;16;9445370301;S
20240119;100840;2598.000000000;6;9445370368;S
20240119;100840;2598.000000000;6;9445370369;S
20240119;100845;2598.000000000;45;9445370987;S
20240119;100846;2598.000000000;85;9445371069;S
20240119;100851;2597.800000000;2;9445371544;B
20240119;100854;2596.800000000;1;9445371967;S
20240119;100854;2596.600000000;1;9445371968;S
20240119;100854;2596.400000000;8;9445371969;S
20240119;100854;2596.200000000;20;9445371973;S
20240119;100854;2596.200000000;30;9445371974;S
20240119;100854;2596.200000000;10;9445371996;S
20240119;100856;2596.200000000;10;9445372108;S
20240119;100856;2596.200000000;30;9445372109;S
20240119;100857;2596.000000000;10;9445372241;S
20240119;100857;2596.000000000;1;9445372242;S
20240119;100857;2596.000000000;29;9445372243;S
20240119;100859;2596.800000000;27;9445372385;B
20240119;100900;2596.800000000;2;9445372505;B
20240119;100903;2597.000000000;14;9445372835;S
20240119;100905;2598.000000000;10;9445372951;B
20240119;100905;2598.200000000;15;9445372952;B
20240119;100905;2598.400000000;10;9445372953;B
20240119;100905;2598.600000000;39;9445372954;B
20240119;100905;2598.600000000;50;9445372955;B
20240119;100905;2598.800000000;40;9445372956;B
20240119;100905;2598.800000000;48;9445372957;B
20240119;100905;2599.200000000;20;9445372958;B
20240119;100905;2599.400000000;50;9445372959;B
20240119;100905;2599.800000000;9;9445372960;B
20240119;100905;2599.800000000;9;9445372961;B
20240119;100905;2597.400000000;10;9445373017;S
20240119;100918;2597.400000000;1;9445374295;S
20240119;100923;2597.600000000;1;9445374730;S
20240119;100923;2597.400000000;2;9445374731;S
20240119;100923;2597.000000000;16;9445374732;S
20240119;100923;2597.000000000;1;9445374733;S
20240119;100924;2596.400000000;1;9445374889;S
20240119;100924;2596.400000000;10;9445374890;S
20240119;100924;2596.200000000;1;9445374891;S
20240119;100924;2596.200000000;8;9445374892;S
20240119;100927;2597.200000000;1;9445375238;B
20240119;100927;2596.600000000;10;9445375263;S
20240119;100927;2596.400000000;30;9445375264;S
20240119;100928;2596.200000000;92;9445375364;S
20240119;100928;2596.000000000;1;9445375365;S
20240119;100928;2596.000000000;3;9445375366;S
20240119;100928;2596.000000000;10;9445375367;S
20240119;100929;2595.800000000;12;9445375418;B
20240119;100930;2595.200000000;20;9445375448;S
20240119;100930;2595.200000000;1;9445375449;S
20240119;100930;2595.200000000;40;9445375450;S
20240119;100930;2595.000000000;5;9445375451;S
20240119;100930;2595.000000000;34;9445375452;S
20240119;100932;2595.800000000;1;9445375638;B
20240119;100934;2596.800000000;1;9445375963;B
20240119;100934;2596.800000000;12;9445375998;B
20240119;100937;2595.400000000;10;9445376321;S
20240119;100937;2595.200000000;2;9445376322;S
20240119;100937;2595.200000000;40;9445376323;S
20240119;100937;2595.200000000;3;9445376324;B
20240119;100942;2595.800000000;1;9445376791;B
20240119;100947;2595.600000000;6;9445377474;S
20240119;100947;2595.800000000;1;9445377491;B
20240119;100948;2595.800000000;3;9445377650;B
20240119;100948;2595.800000000;5;9445377651;B
20240119;100952;2595.400000000;10;9445378071;S
20240119;100952;2595.400000000;2;9445378072;S
20240119;100952;2595.200000000;2;9445378073;S
20240119;100952;2595.200000000;2;9445378074;S
20240119;100952;2595.200000000;1;9445378075;S
20240119;100952;2595.200000000;39;9445378076;S
20240119;100952;2595.000000000;4;9445378077;S
20240119;100952;2595.000000000;3;9445378078;S
20240119;100952;2595.000000000;2;9445378079;S
20240119;100952;2595.000000000;1;9445378080;S
20240119;100952;2595.000000000;2;9445378081;S
20240119;100952;2595.000000000;20;9445378082;S
20240119;100952;2595.000000000;6;9445378083;S
20240119;100952;2595.000000000;1;9445378084;S
20240119;100952;2595.000000000;78;9445378085;S
20240119;100953;2595.000000000;2;9445378153;S
20240119;100955;2595.000000000;163;9445378398;S
20240119;100956;2595.000000000;29;9445378506;S
20240119;100956;2595.000000000;5;9445378507;S
20240119;100957;2595.000000000;24;9445378571;S
20240119;100957;2595.400000000;1;9445378603;B
20240119;100959;2595.400000000;2;9445378803;B
20240119;101000;2595.400000000;1;9445378854;B
20240119;101003;2595.600000000;39;9445379274;B
20240119;101003;2595.800000000;161;9445379275;B
20240119;101003;2595.000000000;6;9445379276;S
20240119;101010;2595.200000000;1;9445380640;S
20240119;101010;2595.200000000;10;9445380641;S
20240119;101010;2595.000000000;189;9445380642;S
20240119;101010;2595.000000000;100;9445380698;S
20240119;101010;2595.000000000;5;9445380762;S
20240119;101013;2595.000000000;24;9445381054;S
20240119;101016;2595.000000000;3;9445381542;S
20240119;101018;2595.400000000;6;9445381682;B
20240119;101018;2595.400000000;1;9445381726;B
20240119;101021;2595.000000000;2;9445382114;S
20240119;101040;2595.200000000;12;9445384539;B
20240119;101040;2595.600000000;1;9445384540;B
20240119;101040;2595.800000000;37;9445384541;B
20240119;101047;2595.200000000;1;9445385277;S
20240119;101047;2595.200000000;9;9445385304;S
20240119;101047;2595.200000000;39;9445385305;S
20240119;101047;2595.000000000;461;9445385306;S
20240119;101047;2595.000000000;10;9445385307;S
20240119;101047;2595.000000000;1;9445385308;S
20240119;101047;2595.000000000;10;9445385309;S
20240119;101047;2595.200000000;5;9445385342;B
20240119;101049;2595.200000000;1;9445385550;B
20240119;101054;2595.400000000;1;9445386100;B
20240119;101100;2595.200000000;1;9445386814;S
20240119;101100;2595.200000000;2;9445386815;S
20240119;101102;2595.400000000;1;9445387537;B
20240119;101102;2595.400000000;19;9445387538;B
20240119;101106;2595.200000000;8;9445387901;S
20240119;101109;2595.400000000;6;9445388173;B
20240119;101109;2595.400000000;5;9445388174;B
20240119;101109;2595.400000000;7;9445388175;B
20240119;101111;2595.400000000;5;9445388315;S
20240119;101115;2595.400000000;22;9445389006;S
20240119;101115;2595.400000000;2;9445389007;S
20240119;101115;2595.200000000;7;9445389008;S
20240119;101115;2595.200000000;9;9445389009;S
20240119;101116;2595.400000000;7;9445389114;B
20240119;101119;2595.400000000;1;9445389469;S
20240119;101128;2595.400000000;2;9445390468;S
20240119;101128;2595.400000000;1;9445390469;S
20240119;101128;2595.200000000;10;9445390470;S
20240119;101132;2595.200000000;10;9445390950;S
20240119;101135;2595.400000000;5;9445391337;B
20240119;101135;2595.400000000;15;9445391338;B
20240119;101135;2595.600000000;5;9445391339;B
20240119;101136;2595.600000000;1;9445391424;B
20240119;101137;2595.200000000;1;9445391550;S
20240119;101139;2595.600000000;4;9445391910;B
20240119;101141;2595.400000000;14;9445392150;B
20240119;101141;2595.400000000;5;9445392151;B
20240119;101143;2595.600000000;3;9445392407;B
20240119;101143;2595.600000000;1;9445392464;B
20240119;101147;2595.400000000;1;9445392832;S
20240119;101147;2595.200000000;20;9445392833;S
20240119;101147;2595.200000000;2;9445392834;S
20240119;101147;2595.200000000;5;9445392835;S
20240119;101147;2595.000000000;165;9445392836;S
20240119;101147;2595.000000000;2;9445392837;S
20240119;101147;2595.000000000;2;9445392838;S
20240119;101149;2595.200000000;10;9445393171;B
20240119;101149;2595.400000000;5;9445393172;B
20240119;101149;2595.400000000;33;9445393173;B
20240119;101150;2595.600000000;66;9445393211;B
20240119;101150;2595.600000000;34;9445393212;B
20240119;101150;2595.800000000;297;9445393215;B
20240119;101150;2596.000000000;1;9445393216;B
20240119;101150;2596.000000000;2;9445393217;B
20240119;101150;2596.000000000;41;9445393218;B
20240119;101155;2597.000000000;1;9445393885;B
20240119;101157;2596.000000000;5;9445394118;S
20240119;101157;2596.000000000;15;9445394119;S
20240119;101158;2597.000000000;1;9445394230;B
20240119;101159;2597.000000000;3;9445394312;B
20240119;101200;2597.400000000;1;9445394375;B
20240119;101205;2597.200000000;1;9445395064;B
20240119;101208;2597.000000000;4;9445395343;S
20240119;101210;2596.400000000;1;9445395615;S
20240119;101213;2596.800000000;2;9445395982;B
20240119;101215;2596.600000000;1;9445396162;B
20240119;101217;2596.400000000;1;9445397281;S
20240119;101220;2596.600000000;1;9445397697;B
20240119;101229;2596.600000000;1;9445398657;S
20240119;101229;2596.400000000;2;9445398658;S
20240119;101236;2596.400000000;3;9445399599;S
20240119;101242;2596.600000000;2;9445400365;B
20240119;101244;2596.400000000;43;9445400601;S
20240119;101244;2596.400000000;1;9445400602;S
20240119;101246;2596.600000000;5;9445400718;B
20240119;101247;2596.200000000;3;9445400799;S
20240119;101251;2596.200000000;1;9445401257;S
20240119;101251;2596.200000000;46;9445401316;S
20240119;101251;2596.000000000;50;9445401317;S
20240119;101251;2596.000000000;4;9445401318;S
20240119;101256;2596.000000000;1;9445401839;S
20240119;101256;2596.000000000;10;9445401840;S
20240119;101256;2596.000000000;1;9445401841;S
20240119;101302;2596.000000000;2;9445402653;B
20240119;101303;2596.000000000;10;9445402763;B
20240119;101309;2595.800000000;1;9445403311;S
20240119;101309;2595.600000000;3;9445403312;S
20240119;101309;2595.600000000;5;9445403313;S
20240119;101309;2595.600000000;2;9445403314;S
20240119;101309;2595.400000000;2;9445403315;S
20240119;101309;2595.400000000;123;9445403316;S
20240119;101311;2595.400000000;40;9445403436;S
20240119;101314;2595.400000000;6;9445403780;S
20240119;101314;2595.600000000;7;9445403786;B
20240119;101314;2595.800000000;21;9445403787;B
20240119;101316;2595.600000000;1;9445403940;S
20240119;101325;2595.400000000;4;9445404893;S
20240119;101330;2595.400000000;10;9445405534;S
20240119;101331;2595.400000000;5;9445405548;S
20240119;101333;2595.400000000;9;9445405797;S
20240119;101334;2595.600000000;4;9445405906;B
20240119;101335;2595.600000000;1;9445406003;B
20240119;101340;2595.600000000;1;9445406535;B
20240119;101345;2595.600000000;10;9445407250;B
20240119;101345;2595.400000000;25;9445407268;S
20240119;101358;2595.400000000;13;9445408609;S
20240119;101406;2595.600000000;4;9445409944;B
20240119;101406;2595.600000000;6;9445409945;B
20240119;101406;2595.800000000;10;9445409946;B
20240119;101409;2595.800000000;1;9445410213;B
20240119;101411;2595.400000000;350;9445410422;S
20240119;101411;2595.400000000;20;9445410423;S
20240119;101413;2595.400000000;69;9445410642;S
20240119;101413;2595.400000000;20;9445410643;S
20240119;101413;2595.400000000;21;9445410644;S
20240119;101414;2595.400000000;1;9445410695;S
20240119;101415;2595.400000000;6;9445410753;S
20240119;101417;2595.600000000;10;9445410979;B
20240119;101422;2595.600000000;1;9445411617;B
20240119;101425;2595.600000000;2;9445412016;B
20240119;101426;2595.600000000;8;9445412101;B
20240119;101427;2595.400000000;2;9445412165;S
20240119;101427;2595.400000000;4;9445412166;S
20240119;101427;2595.400000000;1;9445412167;S
20240119;101427;2595.400000000;50;9445412168;S
20240119;101427;2595.400000000;2;9445412169;S
20240119;101428;2595.000000000;6;9445412255;S
20240119;101430;2595.000000000;50;9445412521;S
20240119;101431;2595.000000000;193;9445412611;S
20240119;101431;2595.000000000;27;9445412612;S
20240119;101431;2595.000000000;1;9445412613;S
20240119;101431;2595.000000000;10;9445412614;S
20240119;101431;2595.000000000;2;9445412615;S
20240119;101431;2595.000000000;100;9445412616;S
20240119;101431;2595.000000000;1;9445412617;S
20240119;101431;2595.000000000;100;9445412618;S
20240119;101431;2595.000000000;1;9445412619;S
20240119;101431;2595.000000000;250;9445412620;S
20240119;101431;2595.000000000;250;9445412675;S
20240119;101431;2595.000000000;250;9445412676;S
20240119;101431;2595.000000000;250;9445412677;S
20240119;101432;2594.400000000;1;9445412776;S
20240119;101432;2594.400000000;1;9445412777;S
20240119;101435;2594.200000000;4;9445413042;S
20240119;101435;2594.200000000;19;9445413043;S
20240119;101435;2594.200000000;1;9445413044;S
20240119;101435;2594.000000000;1;9445413045;S
20240119;101435;2594.000000000;2;9445413046;S
20240119;101435;2594.000000000;1;9445413047;S
20240119;101435;2594.000000000;2;9445413048;S
20240119;101435;2594.000000000;4;9445413049;S
20240119;101435;2594.000000000;48;9445413050;S
20240119;101435;2594.400000000;30;9445413137;B
20240119;101435;2594.400000000;3;9445413138;B
20240119;101435;2594.400000000;5;9445413139;B
20240119;101435;2594.600000000;3;9445413140;B
20240119;101435;2594.600000000;39;9445413141;B
20240119;101435;2594.800000000;50;9445413142;B
20240119;101436;2595.200000000;20;9445413259;S
20240119;101437;2595.200000000;2;9445413305;S
20240119;101437;2594.800000000;330;9445413306;S
20240119;101437;2594.800000000;18;9445413307;S
20240119;101437;2595.000000000;40;9445413349;S
20240119;101437;2594.800000000;32;9445413350;S
20240119;101437;2594.800000000;5;9445413351;S
20240119;101437;2594.600000000;42;9445413352;S
20240119;101437;2594.400000000;38;9445413353;S
20240119;101437;2594.000000000;193;9445413354;S
20240119;101437;2594.000000000;99;9445413360;S
20240119;101437;2593.800000000;5;9445413361;S
20240119;101437;2593.200000000;10;9445413362;S
20240119;101437;2593.200000000;1;9445413363;S
20240119;101437;2593.000000000;1;9445413364;S
20240119;101437;2593.000000000;10;9445413365;S
20240119;101437;2593.000000000;2;9445413366;S
20240119;101437;2593.000000000;50;9445413367;S
20240119;101437;2593.000000000;25;9445413368;S
20240119;101437;2593.000000000;1;9445413369;S
20240119;101437;2592.800000000;5;9445413370;S
20240119;101437;2592.800000000;40;9445413371;S
20240119;101437;2592.600000000;1;9445413372;S
20240119;101437;2592.600000000;4;9445413391;S
20240119;101437;2592.600000000;10;9445413392;S
20240119;101437;2592.400000000;15;9445413393;S
20240119;101437;2592.400000000;5;9445413394;S
20240119;101437;2592.400000000;16;9445413395;S
20240119;101437;2592.600000000;5;9445413403;S
20240119;101437;2592.600000000;245;9445413404;B
20240119;101438;2592.200000000;50;9445413413;S
20240119;101438;2592.200000000;100;9445413414;S
20240119;101438;2592.200000000;40;9445413415;S
20240119;101438;2592.000000000;20;9445413416;S
20240119;101438;2592.000000000;5;9445413417;S
20240119;101438;2592.000000000;35;9445413418;S
20240119;101438;2592.200000000;3;9445413433;S
20240119;101438;2592.200000000;50;9445413434;S
20240119;101438;2592.000000000;15;9445413435;S
20240119;101438;2592.000000000;50;9445413436;S
20240119;101438;2592.000000000;50;9445413437;S
20240119;101438;2592.000000000;2;9445413438;S
20240119;101438;2592.000000000;5;9445413439;S
20240119;101438;2592.000000000;5;9445413440;S
20240119;101438;2591.800000000;100;9445413441;S
20240119;101438;2591.800000000;1;9445413442;S
20240119;101438;2591.800000000;4;9445413443;S
20240119;101438;2591.600000000;5;9445413444;S
20240119;101438;2591.600000000;186;9445413445;S
20240119;101438;2591.600000000;24;9445413446;S
20240119;101438;2591.600000000;50;9445413449;S
20240119;101438;2591.400000000;100;9445413450;S
20240119;101438;2591.400000000;90;9445413451;S
20240119;101438;2591.200000000;10;9445413452;S
20240119;101438;2591.200000000;103;9445413511;S
20240119;101438;2591.200000000;1;9445413512;S
20240119;101438;2591.200000000;5;9445413513;S
20240119;101438;2591.200000000;5;9445413514;S
20240119;101438;2591.200000000;5;9445413515;S
20240119;101438;2591.200000000;40;9445413516;S
20240119;101438;2591.000000000;2;9445413517;S
20240119;101438;2591.000000000;10;9445413518;S
20240119;101438;2591.000000000;4;9445413519;S
20240119;101438;2591.000000000;20;9445413520;S
20240119;101438;2591.000000000;5;9445413521;S
20240119;101438;2591.000000000;125;9445413522;S
20240119;101438;2591.000000000;2;9445413523;S
20240119;101438;2591.000000000;2;9445413524;S
20240119;101438;2591.000000000;10;9445413525;S
20240119;101438;2591.000000000;48;9445413526;S
20240119;101438;2590.800000000;50;9445413527;S
20240119;101438;2590.800000000;63;9445413528;S
20240119;101438;2591.000000000;1;9445413539;S
20240119;101438;2591.000000000;9;9445413540;S
20240119;101439;2591.000000000;1;9445413626;S
20240119;101439;2590.800000000;137;9445413627;S
20240119;101439;2590.800000000;1;9445413628;S
20240119;101439;2590.800000000;500;9445413629;S
20240119;101439;2590.800000000;48;9445413630;S
20240119;101439;2590.800000000;268;9445413631;B
20240119;101439;2591.000000000;40;9445413642;S
20240119;101440;2591.800000000;1;9445413709;B
20240119;101441;2591.000000000;1;9445413732;S
20240119;101441;2590.800000000;1;9445413733;S
20240119;101441;2590.800000000;40;9445413734;S
20240119;101441;2590.600000000;10;9445413735;S
20240119;101441;2590.600000000;6;9445413736;S
20240119;101441;2590.600000000;2;9445413737;S
20240119;101441;2590.600000000;4;9445413738;S
20240119;101441;2590.600000000;39;9445413739;S
20240119;101441;2590.600000000;20;9445413740;S
20240119;101441;2590.600000000;50;9445413741;S
20240119;101441;2590.600000000;100;9445413742;S
20240119;101441;2590.400000000;5;9445413743;S
20240119;101441;2590.400000000;1;9445413744;S
20240119;101441;2590.400000000;5;9445413745;S
20240119;101441;2590.400000000;25;9445413746;S
20240119;101441;2590.400000000;34;9445413747;S
20240119;101441;2590.400000000;8;9445413748;S
20240119;101441;2590.400000000;4;9445413749;S
20240119;101441;2590.400000000;10;9445413750;S
20240119;101441;2590.400000000;135;9445413751;S
20240119;101441;2590.800000000;1;9445413775;S
20240119;101441;2590.400000000;15;9445413776;S
20240119;101441;2590.400000000;48;9445413777;S
20240119;101441;2590.200000000;1;9445413778;S
20240119;101441;2590.200000000;1;9445413779;S
20240119;101441;2590.200000000;20;9445413780;S
20240119;101441;2590.200000000;1;9445413781;S
20240119;101441;2590.200000000;1;9445413782;S
20240119;101441;2590.200000000;62;9445413783;S
20240119;101441;2590.600000000;1;9445413852;S
20240119;101441;2590.200000000;191;9445413853;S
20240119;101442;2591.600000000;1;9445413870;B
20240119;101442;2590.400000000;6;9445413875;S
20240119;101442;2590.200000000;47;9445413876;S
20240119;101442;2590.200000000;47;9445413877;S
20240119;101442;2591.400000000;3;9445413922;B
20240119;101442;2590.200000000;53;9445413928;S
20240119;101442;2590.200000000;8;9445413929;S
20240119;101442;2590.200000000;10;9445413930;S
20240119;101442;2590.200000000;100;9445413931;S
20240119;101442;2590.200000000;4;9445413932;S
20240119;101442;2590.200000000;150;9445413933;S
20240119;101442;2590.200000000;1;9445413934;S
20240119;101442;2590.000000000;1241;9445413935;S
20240119;101443;2591.000000000;1;9445414012;S
20240119;101443;2591.000000000;1;9445414014;S
20240119;101443;2591.000000000;3;9445414015;S
20240119;101443;2590.200000000;1;9445414016;S
20240119;101443;2590.000000000;36;9445414017;S
20240119;101443;2590.000000000;192;9445414025;S
20240119;101443;2590.000000000;20;9445414049;S
20240119;101443;2590.000000000;384;9445414050;S
20240119;101444;2590.000000000;1000;9445414118;S
20240119;101444;2590.000000000;300;9445414135;S
20240119;101444;2590.000000000;192;9445414136;S
20240119;101444;2590.000000000;384;9445414168;S
20240119;101444;2590.000000000;400;9445414177;S
20240119;101444;2590.000000000;500;9445414183;S
20240119;101444;2590.000000000;200;9445414184;S
20240119;101444;2590.000000000;384;9445414188;S
20240119;101444;2590.000000000;87;9445414189;S
20240119;101445;2590.000000000;40;9445414208;S
20240119;101445;2590.000000000;15;9445414210;S
20240119;101445;2590.000000000;24;9445414212;S
20240119;101445;2590.000000000;25;9445414216;S
20240119;101445;2590.000000000;384;9445414221;S
20240119;101445;2590.000000000;24;9445414223;S
20240119;101445;2590.000000000;24;9445414249;S
20240119;101445;2590.000000000;500;9445414252;S
20240119;101445;2590.000000000;384;9445414261;S
20240119;101445;2590.000000000;6;9445414262;S
20240119;101445;2590.000000000;5;9445414264;S
20240119;101445;2590.000000000;32;9445414266;S
20240119;101445;2590.000000000;6;9445414268;S
20240119;101445;2590.200000000;100;9445414281;B
20240119;101445;2590.000000000;5;9445414283;S
20240119;101445;2590.000000000;250;9445414291;S
20240119;101445;2590.000000000;5;9445414297;S
20240119;101445;2590.000000000;384;9445414298;S
20240119;101445;2590.000000000;5;9445414306;S
20240119;101446;2590.000000000;5;9445414741;S
20240119;101446;2590.000000000;300;9445414745;S
20240119;101446;2590.000000000;15;9445414783;S
20240119;101446;2590.000000000;5;9445414793;S
20240119;101446;2590.000000000;10;9445414804;S
20240119;101446;2590.000000000;11;9445414807;S
20240119;101446;2590.000000000;384;9445414813;S
20240119;101446;2590.000000000;50;9445414814;S
20240119;101446;2590.000000000;16;9445414816;S
20240119;101446;2590.000000000;45;9445414825;S
20240119;101446;2590.000000000;100;9445414826;S
20240119;101446;2590.000000000;2;9445414885;S
20240119;101446;2590.000000000;39;9445414933;S
20240119;101446;2590.000000000;200;9445414939;S
20240119;101447;2590.000000000;329;9445415154;S
20240119;101447;2590.000000000;1;9445415155;S
20240119;101447;2590.000000000;25;9445415156;S
20240119;101447;2590.000000000;3;9445415157;S
20240119;101447;2590.000000000;4;9445415158;S
20240119;101447;2590.000000000;2;9445415159;S
20240119;101447;2590.000000000;20;9445415160;S
20240119;101447;2590.000000000;180;9445415161;S
20240119;101447;2590.000000000;1;9445415162;S
20240119;101447;2590.000000000;1;9445415163;S
20240119;101447;2590.000000000;1;9445415164;S
20240119;101447;2590.000000000;47;9445415165;S
20240119;101447;2590.000000000;4;9445415166;S
20240119;101447;2590.000000000;2;9445415167;S
20240119;101447;2590.000000000;764;9445415168;S
20240119;101447;2590.000000000;2;9445415182;S
20240119;101447;2590.000000000;386;9445415205;S
20240119;101447;2590.000000000;2;9445415268;S
20240119;101447;2590.000000000;1;9445415270;S
20240119;101447;2590.000000000;16;9445415275;S
20240119;101448;2590.000000000;6;9445415301;S
20240119;101448;2590.000000000;384;9445415347;S
20240119;101448;2590.000000000;500;9445415366;S
20240119;101448;2590.000000000;60;9445415405;S
20240119;101448;2590.000000000;2;9445415437;S
20240119;101449;2590.000000000;40;9445415482;S
20240119;101449;2590.000000000;2;9445415489;S
20240119;101449;2590.000000000;77;9445415494;S
20240119;101449;2590.000000000;50;9445415499;S
20240119;101449;2590.000000000;100;9445415506;S
20240119;101449;2590.000000000;1000;9445415507;S
20240119;101449;2590.000000000;1608;9445415508;S
20240119;101449;2590.000000000;1;9445415509;S
20240119;101449;2590.000000000;2;9445415510;S
20240119;101449;2590.000000000;9;9445415511;S
20240119;101449;2590.000000000;1;9445415512;S
20240119;101449;2590.000000000;1;9445415513;S
20240119;101449;2590.000000000;80;9445415514;S
20240119;101449;2590.000000000;3;9445415515;S
20240119;101449;2590.000000000;82;9445415516;S
20240119;101449;2589.800000000;500;9445415517;S
20240119;101449;2589.600000000;1;9445415518;S
20240119;101449;2589.400000000;1;9445415519;S
20240119;101449;2589.200000000;1;9445415520;S
20240119;101449;2589.000000000;1;9445415521;S
20240119;101449;2589.000000000;10;9445415522;S
20240119;101449;2589.000000000;61;9445415523;S
20240119;101449;2589.000000000;10;9445415524;S
20240119;101449;2589.000000000;10;9445415525;S
20240119;101449;2589.000000000;10;9445415526;S
20240119;101449;2589.000000000;16;9445415527;S
20240119;101449;2588.800000000;4;9445415528;S
20240119;101449;2588.800000000;1;9445415534;S
20240119;101449;2588.800000000;83;9445415538;S
20240119;101449;2588.400000000;1;9445415539;S
20240119;101449;2588.400000000;10;9445415540;S
20240119;101449;2588.400000000;5;9445415541;S
20240119;101449;2588.400000000;1;9445415542;S
20240119;101449;2588.400000000;15;9445415545;S
20240119;101449;2588.200000000;2;9445415546;S
20240119;101449;2588.200000000;5;9445415547;S
20240119;101449;2588.200000000;1;9445415564;S
20240119;101449;2588.000000000;2;9445415565;S
20240119;101449;2588.000000000;17;9445415566;S
20240119;101449;2588.000000000;2;9445415568;S
20240119;101449;2588.000000000;20;9445415570;S
20240119;101450;2589.200000000;5;9445415599;B
20240119;101450;2589.200000000;100;9445415600;B
20240119;101450;2589.600000000;50;9445415601;B
20240119;101450;2589.600000000;45;9445415602;B
20240119;101450;2588.000000000;150;9445415618;S
20240119;101450;2588.000000000;5;9445415622;S
20240119;101450;2588.000000000;36;9445415647;S
20240119;101450;2588.000000000;1;9445415648;S
20240119;101450;2588.000000000;2;9445415649;S
20240119;101450;2588.000000000;10;9445415650;S
20240119;101450;2587.800000000;16;9445415659;S
20240119;101450;2587.800000000;10;9445415660;S
20240119;101451;2587.800000000;2;9445415730;S
20240119;101451;2587.600000000;1;9445415731;S
20240119;101451;2587.600000000;2;9445415732;S
20240119;101451;2587.600000000;5;9445415739;S
20240119;101451;2587.600000000;31;9445415773;S
20240119;101451;2587.600000000;469;9445415774;S
20240119;101451;2587.600000000;31;9445415775;S
20240119;101451;2587.800000000;1;9445415793;B
20240119;101451;2587.800000000;5;9445415794;B
20240119;101451;2587.800000000;1;9445415795;B
20240119;101451;2587.800000000;18;9445415796;B
20240119;101452;2587.200000000;10;9445415853;S
20240119;101452;2587.200000000;10;9445415854;S
20240119;101452;2587.200000000;20;9445415855;S
20240119;101452;2587.000000000;1;9445415856;S
20240119;101452;2587.000000000;9;9445415857;S
20240119;101453;2587.400000000;1;9445415951;B
20240119;101453;2587.400000000;1;9445415952;B
20240119;101453;2587.600000000;1;9445415953;B
20240119;101453;2587.600000000;1;9445415954;B
20240119;101453;2587.600000000;1;9445415955;B
20240119;101453;2587.600000000;5;9445415956;B
20240119;101453;2587.800000000;1;9445415957;B
20240119;101453;2588.000000000;5;9445415958;B
20240119;101453;2588.000000000;100;9445415959;B
20240119;101453;2588.000000000;3;9445415960;B
20240119;101453;2588.200000000;1;9445415961;B
20240119;101453;2588.600000000;5;9445415962;B
20240119;101453;2588.600000000;50;9445415963;B
20240119;101453;2588.800000000;5;9445415964;B
20240119;101453;2588.800000000;20;9445415965;B
20240119;101453;2587.200000000;39;9445415993;S
20240119;101453;2587.200000000;50;9445415994;S
20240119;101453;2587.200000000;100;9445415995;S
20240119;101453;2587.200000000;311;9445415997;B
20240119;101454;2589.200000000;2;9445416033;B
20240119;101455;2588.600000000;1;9445416114;S
20240119;101455;2588.400000000;1;9445416115;S
20240119;101455;2589.000000000;1;9445416143;B
20240119;101455;2589.000000000;2;9445416144;B
20240119;101455;2589.200000000;9;9445416145;B
20240119;101455;2588.400000000;1;9445416223;S
20240119;101455;2588.400000000;1;9445416334;S
20240119;101456;2588.600000000;39;9445416455;S
20240119;101456;2588.400000000;9;9445416456;S
20240119;101456;2588.400000000;50;9445416457;S
20240119;101456;2588.200000000;5;9445416458;S
20240119;101456;2588.000000000;6;9445416459;S
20240119;101456;2588.000000000;100;9445416460;S
20240119;101456;2587.800000000;100;9445416461;S
20240119;101456;2587.600000000;25;9445416462;S
20240119;101456;2587.600000000;50;9445416463;S
20240119;101456;2587.600000000;250;9445416464;S
20240119;101456;2587.600000000;2;9445416465;S
20240119;101456;2587.400000000;50;9445416466;S
20240119;101456;2587.400000000;15;9445416467;S
20240119;101456;2587.400000000;50;9445416468;S
20240119;101456;2587.200000000;1;9445416469;S
20240119;101456;2587.200000000;50;9445416470;S
20240119;101456;2587.200000000;3;9445416471;S
20240119;101456;2587.000000000;6;9445416472;S
20240119;101456;2587.000000000;3;9445416473;S
20240119;101456;2587.000000000;1;9445416474;S
20240119;101456;2587.000000000;1;9445416475;S
20240119;101456;2587.000000000;84;9445416476;S
20240119;101456;2587.200000000;15;9445416535;S
20240119;101457;2587.400000000;2;9445416599;S
20240119;101457;2587.200000000;3;9445416600;S
20240119;101458;2588.000000000;2;9445416668;B
20240119;101458;2588.000000000;1;9445416759;B
20240119;101459;2588.000000000;17;9445416780;B
20240119;101459;2589.200000000;39;9445416781;B
20240119;101459;2589.200000000;100;9445416782;B
20240119;101459;2589.400000000;44;9445416783;B
20240119;101459;2587.800000000;39;9445416792;S
20240119;101459;2587.600000000;1;9445416793;S
20240119;101459;2587.600000000;60;9445416794;S
20240119;101459;2589.400000000;15;9445416870;B
20240119;101500;2588.200000000;39;9445417004;S
20240119;101500;2588.200000000;41;9445417005;S
20240119;101502;2588.800000000;4;9445417371;S
20240119;101502;2588.800000000;2;9445417372;S
20240119;101502;2588.800000000;6;9445417373;S
20240119;101502;2588.600000000;39;9445417374;S
20240119;101502;2588.600000000;11;9445417375;S
20240119;101502;2588.400000000;50;9445417376;S
20240119;101502;2588.400000000;4;9445417377;S
20240119;101502;2588.200000000;20;9445417378;S
20240119;101502;2588.200000000;10;9445417379;S
20240119;101502;2588.000000000;188;9445417380;S
20240119;101502;2588.200000000;3;9445417420;S
20240119;101503;2588.200000000;8;9445417466;S
20240119;101503;2588.600000000;31;9445417493;S
20240119;101503;2588.400000000;24;9445417494;S
20240119;101503;2589.400000000;10;9445417524;S
20240119;101503;2589.400000000;15;9445417538;S
20240119;101503;2589.600000000;1;9445417563;B
20240119;101503;2589.600000000;1;9445417601;B
20240119;101505;2589.400000000;13;9445417845;S
20240119;101505;2589.200000000;5;9445417846;S
20240119;101505;2588.800000000;10;9445417847;S
20240119;101505;2588.800000000;2;9445417848;S
20240119;101505;2588.800000000;2;9445417849;S
20240119;101505;2588.600000000;39;9445417850;S
20240119;101505;2588.600000000;6;9445417851;S
20240119;101505;2589.400000000;20;9445417882;S
20240119;101506;2589.400000000;10;9445417976;B
20240119;101506;2589.400000000;20;9445417977;B
20240119;101506;2589.400000000;48;9445417978;B
20240119;101506;2589.600000000;98;9445417979;B
20240119;101506;2589.600000000;4;9445417980;B
20240119;101506;2589.600000000;20;9445417981;B
20240119;101506;2590.000000000;40;9445417982;B
20240119;101506;2590.000000000;8;9445417990;S
20240119;101507;2589.600000000;16;9445418323;S
20240119;101507;2589.600000000;14;9445418324;S
20240119;101507;2589.800000000;2;9445418341;B
20240119;101507;2590.200000000;200;9445418342;B
20240119;101507;2590.800000000;1;9445418343;B
20240119;101507;2590.800000000;1;9445418344;B
20240119;101507;2590.800000000;48;9445418345;B
20240119;101507;2591.000000000;40;9445418346;B
20240119;101507;2591.400000000;25;9445418347;B
20240119;101507;2591.800000000;10;9445418348;B
20240119;101507;2591.800000000;100;9445418349;B
20240119;101507;2591.800000000;20;9445418350;B
20240119;101507;2592.000000000;50;9445418351;B
20240119;101507;2592.200000000;1;9445418352;B
20240119;101507;2592.200000000;100;9445418353;B
20240119;101507;2592.400000000;50;9445418354;B
20240119;101507;2592.600000000;10;9445418355;B
20240119;101507;2592.600000000;3;9445418356;B
20240119;101507;2592.600000000;40;9445418357;B
20240119;101507;2593.000000000;104;9445418358;B
20240119;101507;2593.200000000;10;9445418359;B
20240119;101507;2593.200000000;50;9445418360;B
20240119;101507;2593.400000000;190;9445418361;B
20240119;101507;2593.600000000;2;9445418362;B
20240119;101507;2593.800000000;50;9445418363;B
20240119;101507;2594.600000000;40;9445418364;B
20240119;101507;2594.600000000;1;9445418365;B
20240119;101507;2595.000000000;107;9445418366;B
20240119;101507;2595.200000000;186;9445418367;B
20240119;101507;2595.200000000;39;9445418368;B
20240119;101507;2595.400000000;5;9445418369;B
20240119;101507;2595.400000000;400;9445418370;B
20240119;101507;2595.600000000;50;9445418371;B
20240119;101507;2595.600000000;3;9445418372;B
20240119;101507;2596.000000000;1;9445418373;B
20240119;101507;2596.000000000;43;9445418374;B
20240119;101507;2596.000000000;49;9445418375;B
20240119;101507;2596.000000000;2;9445418376;B
20240119;101507;2596.000000000;750;9445418377;B
20240119;101507;2596.000000000;10;9445418378;B
20240119;101507;2596.000000000;200;9445418379;B
20240119;101507;2596.000000000;7;9445418380;B
20240119;101507;2593.800000000;50;9445418396;B
20240119;101507;2593.800000000;40;9445418397;B
20240119;101507;2594.200000000;48;9445418398;B
20240119;101507;2595.000000000;50;9445418399;B
20240119;101507;2595.000000000;12;9445418400;B
20240119;101507;2591.800000000;39;9445418404;S
20240119;101507;2591.800000000;10;9445418405;S
20240119;101508;2594.200000000;20;9445418415;B
20240119;101508;2592.200000000;25;9445418418;S
20240119;101508;2592.200000000;53;9445418538;S
20240119;101508;2592.000000000;50;9445418539;S
20240119;101508;2591.800000000;40;9445418540;S
20240119;101508;2591.600000000;50;9445418541;S
20240119;101508;2591.400000000;156;9445418542;S
20240119;101508;2591.200000000;50;9445418543;S
20240119;101508;2591.000000000;40;9445418544;S
20240119;101508;2591.000000000;21;9445418545;S
20240119;101508;2591.800000000;2;9445418552;S
20240119;101508;2591.800000000;44;9445418553;S
20240119;101509;2592.400000000;27;9445418691;S
20240119;101509;2592.200000000;154;9445418692;S
20240119;101509;2591.000000000;11;9445418693;S
20240119;101509;2591.200000000;1;9445418706;S
20240119;101509;2591.000000000;10;9445418814;S
20240119;101509;2591.000000000;3;9445418834;S
20240119;101509;2590.800000000;6;9445418849;S
20240119;101509;2590.600000000;50;9445418850;S
20240119;101509;2590.400000000;3;9445418851;S
20240119;101509;2590.400000000;48;9445418852;S
20240119;101509;2590.200000000;50;9445418853;S
20240119;101509;2590.200000000;100;9445418854;S
20240119;101509;2590.000000000;50;9445418855;S
20240119;101509;2590.000000000;76;9445418856;S
20240119;101510;2590.000000000;3;9445418911;S
20240119;101510;2589.800000000;2;9445418912;S
20240119;101511;2590.400000000;1;9445419217;S
20240119;101511;2590.200000000;1;9445419218;S
20240119;101511;2590.200000000;2;9445419219;S
20240119;101511;2590.000000000;16;9445419220;S
20240119;101511;2590.000000000;2;9445419221;S
20240119;101511;2589.800000000;8;9445419222;S
20240119;101511;2589.800000000;8;9445419267;S
20240119;101512;2590.400000000;39;9445419420;B
20240119;101512;2590.400000000;1;9445419421;S
20240119;101513;2590.400000000;12;9445419511;S
20240119;101513;2590.400000000;148;9445419694;S
20240119;101513;2589.800000000;50;9445419695;S
20240119;101513;2589.800000000;2;9445419696;S
20240119;101514;2589.800000000;39;9445419907;S
20240119;101514;2589.600000000;2;9445419908;S
20240119;101514;2589.600000000;99;9445419909;S
20240119;101514;2589.600000000;1;9445419941;S
20240119;101514;2589.600000000;250;9445419942;S
20240119;101514;2589.600000000;100;9445419943;S
20240119;101514;2589.200000000;20;9445419944;S
20240119;101514;2589.000000000;50;9445419945;S
20240119;101514;2589.000000000;48;9445419946;S
20240119;101514;2588.800000000;350;9445419947;S
20240119;101514;2588.600000000;2;9445419948;S
20240119;101514;2588.600000000;2;9445419949;S
20240119;101514;2588.600000000;10;9445419950;S
20240119;101514;2588.600000000;10;9445419951;S
20240119;101514;2588.600000000;10;9445419952;S
20240119;101514;2588.600000000;10;9445419953;S
20240119;101514;2588.600000000;2;9445419954;S
20240119;101514;2588.600000000;1;9445419955;S
20240119;101514;2588.400000000;634;9445419956;S
20240119;101515;2589.600000000;1;9445420058;B
20240119;101516;2588.400000000;297;9445420296;S
20240119;101516;2588.200000000;10;9445420297;S
20240119;101516;2588.200000000;40;9445420298;S
20240119;101516;2588.000000000;62;9445420299;S
20240119;101516;2588.000000000;87;9445420300;S
20240119;101516;2588.000000000;2;9445420301;S
20240119;101516;2587.800000000;48;9445420302;S
20240119;101516;2587.600000000;8;9445420303;B
20240119;101516;2587.400000000;11;9445420377;S
20240119;101516;2587.400000000;38;9445420378;S
20240119;101516;2587.400000000;1;9445420379;S
20240119;101516;2587.400000000;115;9445420380;S
20240119;101516;2587.400000000;5;9445420392;S
20240119;101517;2588.800000000;1;9445420448;B
20240119;101517;2588.200000000;10;9445420490;B
20240119;101517;2587.400000000;1;9445420575;S
20240119;101517;2587.400000000;20;9445420594;S
20240119;101518;2587.400000000;8;9445420715;S
20240119;101518;2587.400000000;6;9445420828;S
20240119;101519;2587.400000000;45;9445420855;S
20240119;101519;2587.400000000;1;9445420856;S
20240119;101519;2587.400000000;5;9445420857;S
20240119;101519;2587.200000000;99;9445420858;S
20240119;101519;2588.000000000;1;9445421010;B
20240119;101519;2588.000000000;24;9445421011;B
20240119;101519;2588.000000000;15;9445421018;B
20240119;101519;2588.000000000;5;9445421022;S
20240119;101519;2587.200000000;4;9445421023;S
20240119;101522;2587.600000000;1;9445421766;B
20240119;101522;2587.800000000;49;9445421767;B
20240119;101523;2587.600000000;11;9445421870;S
20240119;101523;2587.400000000;1;9445421871;S
20240119;101523;2587.200000000;147;9445421872;S
20240119;101523;2587.200000000;2;9445421873;S
20240119;101523;2587.200000000;5;9445421874;S
20240119;101523;2587.200000000;34;9445421875;S
20240119;101523;2587.200000000;10;9445421889;S
20240119;101523;2587.600000000;3;9445422032;S
20240119;101524;2587.600000000;47;9445422186;S
20240119;101524;2587.200000000;84;9445422187;S
20240119;101525;2587.200000000;5;9445422240;S
20240119;101525;2587.600000000;13;9445422273;B
20240119;101525;2587.800000000;2;9445422304;B
20240119;101525;2587.600000000;37;9445422307;S
20240119;101525;2587.200000000;59;9445422308;S
20240119;101525;2587.200000000;20;9445422309;S
20240119;101525;2587.200000000;15;9445422310;S
20240119;101525;2587.000000000;116;9445422311;S
20240119;101525;2587.000000000;1;9445422312;S
20240119;101525;2587.000000000;1;9445422313;S
20240119;101525;2587.000000000;1;9445422314;S
20240119;101525;2587.000000000;1;9445422315;S
20240119;101525;2587.000000000;11;9445422316;S
20240119;101525;2586.800000000;6;9445422317;S
20240119;101525;2586.800000000;1;9445422318;S
20240119;101525;2586.800000000;11;9445422319;S
20240119;101525;2586.800000000;20;9445422320;S
20240119;101525;2586.800000000;10;9445422383;S
20240119;101526;2587.400000000;1;9445422545;B
20240119;101526;2586.800000000;3;9445422549;S
20240119;101526;2586.800000000;17;9445422585;S
20240119;101526;2586.600000000;50;9445422586;S
20240119;101526;2586.600000000;3;9445422587;S
20240119;101526;2586.600000000;5;9445422588;S
20240119;101526;2586.600000000;15;9445422589;S
20240119;101526;2586.600000000;15;9445422590;S
20240119;101526;2586.600000000;1;9445422591;S
20240119;101526;2586.400000000;3;9445422592;S
20240119;101526;2586.400000000;2;9445422593;S
20240119;101526;2586.400000000;1;9445422594;S
20240119;101526;2586.400000000;10;9445422595;S
20240119;101526;2586.400000000;11;9445422596;S
20240119;101526;2586.400000000;12;9445422597;S
20240119;101526;2586.200000000;1;9445422598;S
20240119;101526;2586.200000000;11;9445422599;S
20240119;101526;2586.200000000;20;9445422600;S
20240119;101526;2586.200000000;1;9445422601;S
20240119;101526;2586.000000000;1;9445422602;S
20240119;101526;2586.000000000;1;9445422603;S
20240119;101526;2586.000000000;3;9445422604;S
20240119;101526;2586.000000000;2;9445422605;S
20240119;101526;2586.000000000;1;9445422606;S
20240119;101526;2586.000000000;1;9445422607;S
20240119;101526;2586.000000000;3;9445422608;S
20240119;101526;2586.000000000;5;9445422609;S
20240119;101526;2586.000000000;5;9445422610;S
20240119;101526;2586.000000000;14;9445422631;S
20240119;101526;2586.000000000;6;9445422636;S
20240119;101526;2586.000000000;18;9445422637;S
20240119;101526;2586.000000000;4;9445422639;S
20240119;101526;2586.000000000;1;9445422643;S
20240119;101526;2586.000000000;2;9445422644;S
20240119;101526;2586.000000000;1;9445422645;S
20240119;101526;2586.000000000;5;9445422679;S
20240119;101526;2586.000000000;1;9445422680;S
20240119;101526;2586.000000000;1;9445422681;S
20240119;101526;2586.000000000;1;9445422682;S
20240119;101526;2586.000000000;1;9445422683;S
20240119;101526;2585.800000000;36;9445422684;S
20240119;101526;2585.800000000;100;9445422693;S
20240119;101526;2585.800000000;113;9445422694;S
20240119;101526;2586.600000000;5;9445422718;B
20240119;101526;2585.800000000;1;9445422774;S
20240119;101526;2586.000000000;1;9445422775;B
20240119;101526;2586.000000000;1;9445422789;B
20240119;101527;2586.000000000;6;9445422811;B
20240119;101527;2585.800000000;38;9445422833;S
20240119;101527;2586.000000000;87;9445422834;B
20240119;101527;2586.000000000;14;9445422835;B
20240119;101527;2586.000000000;6;9445422836;B
20240119;101527;2586.000000000;8;9445422842;S
20240119;101527;2586.200000000;10;9445422863;S
20240119;101527;2586.000000000;10;9445422877;S
20240119;101527;2586.000000000;27;9445422901;S
20240119;101527;2586.000000000;40;9445422918;S
20240119;101527;2586.000000000;1;9445422919;S
20240119;101527;2586.000000000;15;9445422920;S
20240119;101527;2585.800000000;44;9445422921;S
20240119;101527;2586.600000000;1;9445422963;B
20240119;101527;2586.000000000;1;9445422973;S
20240119;101527;2586.000000000;2;9445422974;S
20240119;101527;2586.000000000;8;9445422975;S
20240119;101527;2586.000000000;2;9445422980;S
20240119;101528;2585.800000000;168;9445423045;S
20240119;101528;2585.800000000;8;9445423046;S
20240119;101528;2585.800000000;1;9445423047;S
20240119;101528;2585.800000000;123;9445423048;S
20240119;101528;2586.000000000;8;9445423109;B
20240119;101528;2586.000000000;2;9445423110;B
20240119;101529;2586.000000000;8;9445423268;B
20240119;101529;2586.200000000;1;9445423269;B
20240119;101529;2586.600000000;3;9445423270;B
20240119;101531;2586.600000000;20;9445423663;B
20240119;101531;2586.600000000;30;9445423701;S
20240119;101531;2586.400000000;5;9445423702;S
20240119;101531;2586.400000000;15;9445423703;S
20240119;101531;2586.200000000;1;9445423704;S
20240119;101531;2586.200000000;49;9445423705;S
20240119;101532;2586.600000000;5;9445423745;S
20240119;101532;2586.400000000;38;9445423746;S
20240119;101532;2586.200000000;1;9445423747;S
20240119;101532;2586.200000000;14;9445423748;S
20240119;101532;2586.000000000;39;9445423749;S
20240119;101532;2586.000000000;15;9445423752;B
20240119;101532;2586.800000000;1;9445423802;S
20240119;101532;2586.200000000;39;9445423803;S
20240119;101532;2586.000000000;40;9445423804;S
20240119;101532;2586.200000000;39;9445423823;S
20240119;101532;2586.000000000;120;9445423824;S
20240119;101533;2586.400000000;1;9445423895;S
20240119;101533;2586.200000000;39;9445423896;S
