<DATE>;<TIME>;<LAST>;<VOL>;<ID>;<OPER>
20240229;095952;3384;1;9725506249;S
20240229;095952;3384;3;9725506250;S
20240229;095952;3384;1;9725506251;B
20240229;095952;3384;2;9725506252;B
20240229;095952;3384;2;9725506253;B
20240229;095952;3384;7;9725506254;B
20240229;095952;3384;2;9725506255;B
20240229;095952;3384;2;9725506256;S
20240229;095952;3384;2;9725506257;S
20240229;095952;3384;30;9725506258;S
20240229;095952;3384;8;9725506259;S
20240229;095952;3384;39;9725506260;S
20240229;095952;3384;60;9725506261;S
20240229;095952;3384;3;9725506262;S
20240229;095952;3384;9;9725506263;S
20240229;095952;3384;1;9725506264;S
20240229;095952;3384;10;9725506265;S
20240229;095952;3384;3;9725506266;S
20240229;095952;3384;3;9725506267;S
20240229;095952;3384;30;9725506268;S
20240229;095952;3384;30;9725506269;S
20240229;095952;3384;1;9725506270;S
20240229;095952;3384;10;9725506271;B
20240229;095952;3384;16;9725506272;B
20240229;095952;3384;1;9725506273;B
20240229;095952;3384;1;9725506274;B
20240229;095952;3384;8;9725506275;B
20240229;095952;3384;1;9725506276;B
20240229;095952;3384;44;9725506277;B
20240229;095952;3384;2;9725506278;B
20240229;095952;3384;2;9725506279;S
20240229;095952;3384;29;9725506280;B
20240229;095952;3384;1;9725506281;B
20240229;095952;3384;3;9725506282;S
20240229;095952;3384;1;9725506283;B
20240229;095952;3384;4;9725506284;S
20240229;095952;3384;50;9725506285;S
20240229;095952;3384;200;9725506286;S
20240229;095952;3384;37;9725506287;S
20240229;095952;3384;9;9725506288;S
20240229;095952;3384;101;9725506289;S
20240229;095952;3384;3;9725506290;S
20240229;095952;3384;15;9725506291;S
20240229;095952;3384;1;9725506292;B
20240229;095952;3384;34;9725506293;B
20240229;095952;3384;200;9725506294;S
20240229;095952;3384;10;9725506295;B
20240229;095952;3384;1;9725506296;B
20240229;095952;3384;1;9725506297;B
20240229;095952;3384;12;9725506298;B
20240229;095952;3384;10;9725506299;B
20240229;095952;3384;1;9725506300;B
20240229;095952;3384;5;9725506301;B
20240229;095952;3384;2;9725506302;B
20240229;095952;3384;2;9725506303;B
20240229;095952;3384;2;9725506304;B
20240229;095952;3384;5;9725506305;B
20240229;095952;3384;1;9725506306;B
20240229;095952;3384;1;9725506307;B
20240229;095952;3384;1;9725506308;B
20240229;095952;3384;1;9725506309;B
20240229;095952;3384;6;9725506310;B
20240229;095952;3384;2;9725506311;B
20240229;095952;3384;3;9725506312;B
20240229;095952;3384;5;9725506313;B
20240229;095952;3384;2;9725506314;B
20240229;095952;3384;1;9725506315;S
20240229;095952;3384;1;9725506316;S
20240229;095952;3384;3;9725506317;B
20240229;095952;3384;1;9725506318;B
20240229;095952;3384;1;9725506319;B
20240229;095952;3384;1;9725506320;B
20240229;095952;3384;1;9725506321;B
20240229;095952;3384;2;9725506322;B
20240229;095952;3384;1;9725506323;B
20240229;095952;3384;10;9725506324;B
20240229;095952;3384;5;9725506325;B
20240229;095952;3384;1;9725506326;B
20240229;095952;3384;5;9725506327;S
20240229;095952;3384;1;9725506328;B
20240229;095952;3384;1;9725506329;B
20240229;095952;3384;1;9725506330;S
20240229;095952;3384;1;9725506331;B
20240229;095952;3384;14;9725506332;B
20240229;095952;3384;1;9725506333;B
20240229;095952;3384;1;9725506334;S
20240229;095952;3384;1;9725506335;B
20240229;095952;3384;1;9725506336;B
20240229;095952;3384;1;9725506337;S
20240229;095952;3384;14;9725506338;S
20240229;095952;3384;1;9725506339;B
20240229;095952;3384;20;9725506340;B
20240229;095952;3384;18;9725506341;B
20240229;095952;3384;11;9725506342;B
20240229;100000;3382;1;9725507745;S
20240229;100000;3380;10;9725507793;S
20240229;100000;3380;1;9725507868;S
20240229;100000;3378.4;14;9725507878;S
20240229;100000;3378.4;5;9725507879;S
20240229;100000;3378;30;9725507894;S
20240229;100000;3378;30;9725507898;S
20240229;100000;3378;20;9725507900;S
20240229;100000;3378;20;9725507909;S
20240229;100000;3377.4;5;9725507935;S
20240229;100000;3377;10;9725507943;S
20240229;100000;3376;100;9725507948;S
20240229;100000;3376;1;9725507949;S
20240229;100000;3376;8;9725507950;S
20240229;100000;3376;2;9725507951;S
20240229;100000;3376;1;9725507952;S
20240229;100000;3376;10;9725507953;S
20240229;100000;3375.8;10;9725507958;S
20240229;100000;3375.8;1;9725507959;S
20240229;100000;3375.8;1;9725507960;S
20240229;100000;3375.8;1;9725507961;S
20240229;100000;3375.8;1;9725507962;S
20240229;100000;3375.8;1;9725507963;S
20240229;100000;3375.8;12;9725507964;S
20240229;100000;3375.8;2;9725507965;S
20240229;100000;3375.2;1;9725507971;S
20240229;100000;3375;40;9725507988;S
20240229;100000;3375;132;9725507989;S
20240229;100000;3375;18;9725507990;S
20240229;100000;3375;10;9725507991;S
20240229;100000;3375;30;9725507992;S
20240229;100000;3375;1;9725507993;S
20240229;100000;3374.8;2;9725508001;S
20240229;100000;3373;1;9725508028;S
20240229;100000;3373;9;9725508029;S
20240229;100000;3373;1;9725508030;S
20240229;100000;3371.4;9;9725508080;S
20240229;100000;3371.4;51;9725508085;S
20240229;100000;3371.4;49;9725508110;B
20240229;100000;3371.4;49;9725508111;B
20240229;100000;3371.4;1;9725508112;B
20240229;100000;3371.4;37;9725508114;B
20240229;100000;3371.4;2;9725508115;B
20240229;100000;3371.4;10;9725508118;B
20240229;100000;3371.4;51;9725508140;B
20240229;100000;3371.4;49;9725508141;B
20240229;100000;3371.4;1;9725508142;B
20240229;100000;3371.4;30;9725508152;B
20240229;100000;3371.4;30;9725508153;B
20240229;100000;3371.4;20;9725508154;B
20240229;100000;3371.4;60;9725508235;S
20240229;100000;3371.4;60;9725508239;S
20240229;100000;3371.2;5;9725508242;S
20240229;100000;3371.2;25;9725508245;B
20240229;100000;3371.4;35;9725508248;S
20240229;100000;3370.4;50;9725508254;S
20240229;100000;3371.2;2;9725508260;B
20240229;100000;3370.4;10;9725508302;S
20240229;100000;3370.4;20;9725508303;B
20240229;100000;3370.4;20;9725508307;B
20240229;100000;3370.4;20;9725508308;B
20240229;100000;3370.4;20;9725508318;B
20240229;100000;3370.4;14;9725508319;B
20240229;100000;3370.2;8;9725508361;S
20240229;100000;3370.2;1;9725508362;S
20240229;100000;3370.2;60;9725508363;S
20240229;100000;3370;9;9725508368;S
20240229;100000;3370.2;51;9725508535;B
20240229;100000;3370.2;49;9725508536;B
20240229;100000;3370;41;9725508539;S
20240229;100000;3370;212;9725508540;S
20240229;100000;3370;10;9725508541;S
20240229;100000;3370;1;9725508542;S
20240229;100000;3370;10;9725508543;S
20240229;100000;3370;5;9725508544;S
20240229;100000;3370;15;9725508545;S
20240229;100000;3368.8;60;9725508551;S
20240229;100000;3368.8;35;9725508552;S
20240229;100000;3368.8;16;9725508553;S
20240229;100000;3368.6;33;9725508554;S
20240229;100000;3369.2;10;9725508561;S
20240229;100000;3369.2;20;9725508562;S
20240229;100000;3369.4;10;9725508563;S
20240229;100000;3369.4;20;9725508564;S
20240229;100000;3369.4;80;9725508565;S
20240229;100000;3369.6;10;9725508579;S
20240229;100000;3369.6;11;9725508580;S
20240229;100000;3369.6;39;9725508581;S
20240229;100000;3369.6;51;9725508582;S
20240229;100000;3369.4;10;9725508583;S
20240229;100001;3369;20;9725508586;S
20240229;100001;3369.4;10;9725508587;B
20240229;100001;3369.6;41;9725508588;S
20240229;100001;3369.2;60;9725508591;S
20240229;100001;3368.8;19;9725508592;S
20240229;100001;3369.2;40;9725508598;B
20240229;100001;3369.4;19;9725508599;B
20240229;100001;3369.4;40;9725508600;B
20240229;100001;3369.4;10;9725508601;B
20240229;100001;3369.4;9;9725508602;B
20240229;100001;3369.4;59;9725508603;B
20240229;100001;3369.4;32;9725508604;B
20240229;100001;3369.2;60;9725508605;S
20240229;100001;3369.2;41;9725508611;S
20240229;100001;3369.2;19;9725508621;B
20240229;100001;3370;10;9725508847;S
20240229;100001;3370;30;9725508848;S
20240229;100001;3369.8;9;9725508855;B
20240229;100001;3370;11;9725508856;B
20240229;100001;3370;10;9725508866;B
20240229;100001;3370;10;9725508880;B
20240229;100001;3370;10;9725508889;B
20240229;100001;3370;10;9725508894;B
20240229;100001;3370;9;9725508898;B
20240229;100001;3370;51;9725508899;B
20240229;100001;3370;10;9725508901;B
20240229;100001;3370;40;9725508982;S
20240229;100001;3370.2;60;9725508985;B
20240229;100001;3373.4;10;9725509007;S
20240229;100001;3372.8;10;9725509008;S
20240229;100001;3370.8;60;9725509009;S
20240229;100001;3370.4;20;9725509010;B
20240229;100001;3373.4;10;9725509026;S
20240229;100001;3373.2;10;9725509034;B
20240229;100001;3370.6;24;9725509056;S
20240229;100001;3373;20;9725509064;B
20240229;100001;3373;40;9725509081;B
20240229;100001;3370.2;1;9725509219;S
20240229;100001;3370.2;59;9725509381;S
20240229;100001;3370.2;10;9725509382;S
20240229;100001;3369.8;16;9725509383;S
20240229;100001;3369.6;15;9725509384;S
20240229;100001;3371.8;1;9725509402;B
20240229;100002;3373.2;1;9725509551;B
20240229;100002;3371.2;2;9725509712;S
20240229;100004;3372.4;6;9725510404;B
20240229;100004;3372.4;14;9725510412;S
20240229;100005;3371.2;1;9725511013;S
20240229;100005;3370.6;7;9725511014;S
20240229;100005;3370.4;14;9725511015;S
20240229;100005;3369.8;2;9725511189;S
20240229;100005;3371;1;9725511190;B
20240229;100005;3371;1;9725511191;B
20240229;100005;3371;10;9725511193;B
20240229;100005;3371;10;9725511197;B
20240229;100005;3371;10;9725511202;B
20240229;100005;3371;10;9725511219;B
20240229;100005;3371;10;9725511228;B
20240229;100005;3371;10;9725511232;B
20240229;100005;3371;10;9725511236;B
20240229;100005;3371;10;9725511239;B
20240229;100005;3371;10;9725511240;B
20240229;100005;3371;8;9725511242;B
20240229;100005;3371;2;9725511246;S
20240229;100005;3370.8;1;9725511295;S
20240229;100005;3371;2;9725511379;B
20240229;100005;3370.8;1;9725511382;S
20240229;100005;3371;16;9725511676;B
20240229;100005;3371;18;9725511708;B
20240229;100005;3371;1;9725511713;B
20240229;100005;3371;61;9725511721;B
20240229;100005;3371.4;1;9725511722;B
20240229;100005;3371.6;6;9725511723;B
20240229;100005;3372;1;9725511724;B
20240229;100005;3372.8;31;9725511725;B
20240229;100005;3372.6;8;9725511739;B
20240229;100005;3372.6;10;9725511748;B
20240229;100005;3372.4;10;9725511751;S
20240229;100005;3372.4;10;9725511752;S
20240229;100005;3372.4;10;9725511753;S
20240229;100005;3372.6;10;9725511780;B
20240229;100006;3372.8;1;9725511971;B
20240229;100006;3371.4;2;9725512041;S
20240229;100006;3371.4;10;9725512074;S
20240229;100006;3372.4;1;9725513053;B
20240229;100007;3371;2;9725513347;S
20240229;100007;3372.4;3;9725513390;B
20240229;100007;3372.4;10;9725513393;B
20240229;100007;3372.4;10;9725513396;B
20240229;100007;3372.4;10;9725513399;B
20240229;100007;3372.4;10;9725513403;B
20240229;100007;3372.4;10;9725513407;B
20240229;100007;3372.4;10;9725513414;B
20240229;100007;3372.4;10;9725513416;B
20240229;100007;3372.4;10;9725513422;B
20240229;100007;3372.4;16;9725513597;B
20240229;100007;3374;10;9725513601;S
20240229;100007;3373.6;1;9725513794;B
20240229;100007;3373.6;94;9725514000;B
20240229;100007;3373.6;2;9725514001;B
20240229;100007;3373.6;3;9725514003;B
20240229;100007;3373.6;2;9725514064;S
20240229;100007;3373.6;17;9725514078;S
20240229;100007;3373.6;7;9725514096;S
20240229;100008;3373.6;10;9725514349;S
20240229;100008;3373.6;29;9725514401;S
20240229;100009;3374.2;32;9725515004;B
20240229;100009;3374.2;40;9725515006;B
20240229;100009;3374.2;28;9725515009;B
20240229;100011;3374.2;1;9725515595;S
20240229;100011;3374.2;1;9725515839;S
20240229;100012;3374.2;1;9725516019;S
20240229;100012;3374.4;1;9725516211;B
20240229;100013;3374.4;9;9725516514;B
20240229;100013;3374.6;36;9725516515;B
20240229;100014;3374.6;8;9725516872;B
20240229;100015;3374.4;10;9725516971;S
20240229;100016;3374.2;4;9725517192;S
20240229;100016;3374.2;2;9725517288;S
20240229;100017;3374.4;1;9725517442;B
20240229;100017;3374.2;1;9725517520;S
20240229;100017;3374.2;2;9725517605;S
20240229;100017;3374.2;1;9725517606;S
20240229;100017;3374.2;19;9725517607;S
20240229;100019;3373.6;8;9725518211;S
20240229;100019;3373.6;19;9725518235;S
20240229;100021;3373.8;2;9725518595;S
20240229;100021;3373.8;50;9725518596;S
20240229;100021;3373.6;5;9725518597;S
20240229;100021;3371.6;15;9725518598;S
20240229;100022;3373.4;20;9725518837;B
20240229;100022;3373.4;20;9725518839;B
20240229;100022;3373.4;20;9725518842;B
20240229;100022;3373.4;20;9725518843;B
20240229;100022;3373.4;20;9725518845;B
20240229;100022;3373.6;20;9725518846;B
20240229;100022;3373.6;20;9725518847;B
20240229;100022;3373.4;10;9725518883;S
20240229;100022;3373.4;6;9725518915;S
20240229;100024;3373.4;4;9725519286;S
20240229;100024;3372.2;15;9725519287;S
20240229;100024;3372.2;11;9725519288;S
20240229;100025;3372;2;9725519577;S
20240229;100025;3371.8;2;9725519578;S
20240229;100025;3372.2;1;9725519625;S
20240229;100025;3372.2;1;9725519651;S
20240229;100025;3371.8;9;9725519652;S
20240229;100026;3371.8;1;9725520088;B
20240229;100026;3371.6;4;9725520091;S
20240229;100028;3371.6;1;9725520445;S
20240229;100028;3371.6;21;9725520474;S
20240229;100028;3371.6;3;9725520499;S
20240229;100029;3371.8;1;9725520784;B
20240229;100031;3371.6;25;9725521371;S
20240229;100031;3371.6;6;9725521392;S
20240229;100031;3371;2;9725521393;S
20240229;100031;3371;2;9725521394;S
20240229;100032;3371.8;5;9725521526;B
20240229;100033;3371.6;10;9725521750;S
20240229;100033;3371;27;9725521751;S
20240229;100033;3370.4;1;9725521752;S
20240229;100033;3370.4;9;9725521753;S
20240229;100033;3370.4;26;9725521770;S
20240229;100033;3370.2;24;9725521771;S
20240229;100034;3370;5;9725521935;S
20240229;100034;3369.4;3;9725521936;S
20240229;100034;3369.4;3;9725522075;S
20240229;100035;3369.4;1;9725522293;S
20240229;100036;3369.6;41;9725522464;S
20240229;100038;3369.6;1;9725522882;S
20240229;100041;3369.8;5;9725523388;S
20240229;100041;3369.6;58;9725523389;S
20240229;100041;3368.8;3;9725523390;S
20240229;100041;3369;20;9725523442;S
20240229;100042;3369;1;9725523613;S
20240229;100043;3369.4;30;9725523771;S
20240229;100043;3369.2;5;9725523772;S
20240229;100043;3369;15;9725523773;S
20240229;100045;3369.6;1;9725524570;B
20240229;100046;3369.6;4;9725524727;B
20240229;100046;3369.8;1;9725524728;B
20240229;100048;3369.6;2;9725525179;S
20240229;100049;3369.8;3;9725525240;B
20240229;100049;3369.8;3;9725525390;B
20240229;100050;3369.8;1;9725525494;B
20240229;100050;3369.8;1;9725525523;B
20240229;100050;3369.6;1;9725525539;S
20240229;100051;3369.8;1;9725525709;B
20240229;100053;3369.6;8;9725526158;S
20240229;100054;3369.6;1;9725526216;S
20240229;100055;3369.8;89;9725526547;B
20240229;100055;3370.4;7;9725526548;B
20240229;100056;3370.4;3;9725526676;B
20240229;100056;3371.6;17;9725526677;B
20240229;100057;3371.6;1;9725526823;B
20240229;100057;3371.6;10;9725526840;B
20240229;100057;3371.6;72;9725526900;B
20240229;100057;3372;80;9725526901;B
20240229;100058;3372.8;40;9725527150;S
20240229;100058;3372.8;10;9725527151;S
20240229;100058;3372.2;48;9725527152;S
20240229;100058;3372.2;15;9725527153;S
20240229;100058;3371.6;60;9725527154;S
20240229;100058;3371.2;32;9725527155;S
20240229;100059;3371;1;9725527305;S
20240229;100100;3371;1;9725527576;S
20240229;100102;3371.2;10;9725527843;S
20240229;100102;3371;1;9725527844;S
20240229;100102;3371;8;9725527845;S
20240229;100102;3371;1;9725527881;S
20240229;100103;3370.8;5;9725528057;S
20240229;100103;3370.6;10;9725528058;S
20240229;100103;3370.6;30;9725528059;S
20240229;100106;3372.4;2;9725528893;B
20240229;100106;3372.6;5;9725528894;B
20240229;100106;3370.2;5;9725528922;S
20240229;100106;3370;15;9725528923;S
20240229;100106;3370;5;9725528924;S
20240229;100106;3370;3;9725528925;S
20240229;100106;3369.8;26;9725528926;S
20240229;100106;3369.8;10;9725528927;S
20240229;100109;3370;1;9725529394;S
20240229;100109;3369.8;9;9725529395;S
20240229;100112;3370.6;17;9725530055;S
20240229;100113;3371.8;2;9725530170;B
20240229;100113;3371.8;5;9725530196;B
20240229;100114;3371.4;1;9725530346;B
20240229;100126;3371.2;5;9725532425;S
20240229;100126;3371;1;9725532426;S
20240229;100126;3370.8;1;9725532427;S
20240229;100126;3370.6;83;9725532428;S
20240229;100128;3370.2;1;9725532759;S
20240229;100130;3371.4;10;9725533308;S
20240229;100138;3370.2;18;9725534788;S
20240229;100139;3370.2;3;9725534963;S
20240229;100142;3370.4;1;9725535624;S
20240229;100142;3370.2;1;9725535625;S
20240229;100142;3370;2;9725535626;S
20240229;100148;3370.2;1;9725536634;S
20240229;100148;3370;8;9725536635;S
20240229;100148;3370;1;9725536636;S
20240229;100148;3369.8;3;9725536757;S
20240229;100148;3369.8;7;9725536758;S
20240229;100149;3369.8;5;9725536865;B
20240229;100149;3369.8;95;9725536985;B
20240229;100149;3370;40;9725536986;B
20240229;100149;3370.2;1;9725536987;B
20240229;100151;3371.2;16;9725537306;B
20240229;100151;3371.4;14;9725537307;B
20240229;100151;3371.6;1;9725537308;B
20240229;100151;3371.6;44;9725537309;B
20240229;100154;3371.6;56;9725537860;B
20240229;100154;3372.2;1;9725537861;B
20240229;100154;3372.4;1;9725537862;B
20240229;100154;3373;1;9725537863;B
20240229;100154;3373;10;9725537864;B
20240229;100154;3373.2;51;9725537865;B
20240229;100155;3374;10;9725537918;S
20240229;100156;3374;5;9725538193;S
20240229;100156;3374;1;9725538258;S
20240229;100157;3374.2;30;9725538283;B
20240229;100157;3374;5;9725538417;S
20240229;100158;3374.2;21;9725538462;B
20240229;100158;3374.2;5;9725538463;B
20240229;100159;3374;5;9725538833;S
20240229;100159;3374.2;1;9725538846;B
20240229;100200;3374.2;1;9725539068;B
20240229;100203;3374;2;9725539586;S
20240229;100204;3374;1;9725539777;S
20240229;100209;3374;7;9725540872;S
20240229;100209;3374;8;9725540873;S
20240229;100210;3374;5;9725540962;S
20240229;100210;3374;3;9725541115;S
20240229;100211;3374;10;9725541345;S
20240229;100214;3374;6;9725541902;S
20240229;100215;3374;4;9725541950;S
20240229;100217;3374;4;9725542421;S
20240229;100217;3374;10;9725542588;S
20240229;100217;3374;10;9725542589;S
20240229;100217;3374;12;9725542590;S
20240229;100217;3374.2;2;9725542651;B
20240229;100219;3374;2;9725542889;S
20240229;100226;3374;1;9725544057;S
20240229;100226;3374;15;9725544106;S
20240229;100226;3374;1;9725544269;S
20240229;100226;3374.2;51;9725544298;B
20240229;100226;3374.2;7;9725544299;B
20240229;100226;3374.2;27;9725544300;B
20240229;100226;3374.2;15;9725544301;B
20240229;100227;3374;19;9725544374;S
20240229;100227;3374;6;9725544375;S
20240229;100228;3374;1;9725544634;S
20240229;100228;3374;25;9725544668;S
20240229;100228;3373.6;10;9725544669;S
20240229;100228;3373.6;10;9725544670;S
20240229;100228;3373.6;10;9725544671;S
20240229;100228;3373.6;3;9725544672;S
20240229;100228;3373.6;3;9725544673;S
20240229;100228;3372.8;9;9725544674;S
20240229;100228;3372;18;9725544675;S
20240229;100228;3371.8;8;9725544676;S
20240229;100228;3371.6;15;9725544677;S
20240229;100228;3371.2;1;9725544678;S
20240229;100229;3369.8;1;9725544759;S
20240229;100229;3369.6;1;9725544776;S
20240229;100230;3369.2;2;9725544968;S
20240229;100231;3369.2;5;9725545372;S
20240229;100231;3369;1;9725545373;S
20240229;100231;3369;2;9725545374;S
20240229;100231;3369;1;9725545375;S
20240229;100231;3368.8;1;9725545376;S
20240229;100231;3370;4;9725545385;B
20240229;100231;3370;10;9725545386;B
20240229;100231;3370;10;9725545388;B
20240229;100231;3370;10;9725545389;B
20240229;100231;3370;10;9725545392;B
20240229;100231;3370;10;9725545393;B
20240229;100231;3370;10;9725545394;B
20240229;100231;3370;10;9725545395;B
20240229;100231;3370;10;9725545396;B
20240229;100232;3370;10;9725545569;B
20240229;100233;3370;6;9725545678;B
20240229;100233;3370.2;4;9725545679;B
20240229;100233;3370.4;10;9725545681;B
20240229;100233;3370;4;9725545682;S
20240229;100233;3369.4;5;9725545683;S
20240229;100234;3370.2;6;9725545939;S
20240229;100235;3370.2;3;9725546201;S
20240229;100235;3370.2;1;9725546271;S
20240229;100235;3370.2;10;9725546272;S
20240229;100235;3369;1;9725546273;S
20240229;100235;3369;2;9725546274;S
20240229;100235;3368.8;1;9725546275;S
20240229;100235;3369;1;9725546423;S
20240229;100235;3368.8;1;9725546424;S
20240229;100237;3368.6;1;9725546783;S
20240229;100237;3368.6;9;9725546784;S
20240229;100238;3368.6;1;9725546953;S
20240229;100242;3368.6;5;9725547710;B
20240229;100242;3368.8;1;9725547711;B
20240229;100242;3369;1;9725547712;B
20240229;100242;3369.2;1;9725547713;B
20240229;100242;3369.2;1;9725547794;S
20240229;100245;3369.4;1;9725548516;B
20240229;100245;3369.6;99;9725548517;B
20240229;100245;3369.6;1;9725548518;B
20240229;100245;3369.8;7;9725548519;B
20240229;100245;3370;40;9725548520;B
20240229;100245;3371.6;6;9725548521;B
20240229;100245;3371.6;29;9725548522;B
20240229;100245;3371.4;39;9725548523;B
20240229;100245;3371.4;40;9725548524;B
20240229;100245;3371.4;20;9725548525;B
20240229;100245;3371.4;1;9725548526;B
20240229;100245;3372.4;89;9725548527;B
20240229;100245;3372.4;11;9725548528;S
20240229;100245;3372.4;89;9725548529;S
20240229;100245;3372.6;20;9725548562;B
20240229;100247;3372.4;2;9725548770;S
20240229;100248;3372.6;20;9725549135;B
20240229;100249;3372.6;47;9725549183;B
20240229;100249;3372.4;2;9725549318;S
20240229;100249;3372.4;2;9725549362;S
20240229;100249;3372.4;5;9725549400;S
20240229;100249;3372.2;4;9725549401;S
20240229;100258;3372.2;2;9725551442;S
20240229;100259;3372.2;33;9725551742;S
20240229;100301;3371.2;100;9725552119;B
20240229;100303;3370.4;10;9725552643;S
20240229;100303;3370.2;10;9725552644;S
20240229;100303;3370.2;7;9725552645;S
20240229;100303;3369.8;15;9725552646;S
20240229;100303;3369.6;3;9725552647;S
20240229;100304;3370.4;80;9725552681;B
20240229;100305;3369.2;4;9725553003;S
20240229;100307;3369;1;9725553449;S
20240229;100307;3368.8;1;9725553450;S
20240229;100307;3368.8;49;9725553589;S
20240229;100307;3368.8;7;9725553590;S
20240229;100309;3368.8;2;9725553929;S
20240229;100310;3368.8;6;9725554140;S
20240229;100310;3368.6;34;9725554141;S
20240229;100314;3368.8;37;9725554964;S
20240229;100314;3368.8;7;9725554965;S
20240229;100314;3368.6;16;9725554966;S
20240229;100314;3368.6;60;9725554967;S
20240229;100314;3368;10;9725554968;S
20240229;100314;3368;15;9725554969;S
20240229;100314;3367.8;60;9725554970;S
20240229;100314;3367.8;79;9725554971;S
20240229;100315;3368.2;80;9725555070;B
20240229;100315;3368.4;100;9725555071;B
20240229;100315;3368.6;7;9725555072;B
20240229;100315;3368.6;40;9725555073;B
20240229;100315;3369;7;9725555074;B
20240229;100315;3369.8;15;9725555075;B
20240229;100315;3370.8;51;9725555076;B
20240229;100316;3370;1;9725555350;B
20240229;100318;3368.8;4;9725555907;S
20240229;100320;3370;1;9725556453;B
20240229;100322;3369.2;50;9725556946;S
20240229;100331;3369.8;15;9725558683;B
20240229;100333;3369;1;9725559073;S
20240229;100333;3368.6;1;9725559074;S
20240229;100334;3368.6;7;9725559382;S
20240229;100337;3368.6;5;9725559834;S
20240229;100337;3368.6;2;9725559866;S
20240229;100338;3368.8;1;9725560095;S
20240229;100347;3369.8;100;9725561269;S
20240229;100351;3368.8;2;9725562119;S
20240229;100351;3368.6;35;9725562120;S
20240229;100351;3368.6;33;9725562121;S
20240229;100351;3368.6;27;9725562122;S
20240229;100351;3368;15;9725562127;S
20240229;100351;3368;25;9725562128;S
20240229;100351;3368;1;9725562129;S
20240229;100351;3368;1;9725562130;S
20240229;100351;3367.6;2;9725562131;S
20240229;100354;3367.8;1;9725562733;B
20240229;100354;3367.8;1;9725562734;B
20240229;100354;3367.4;7;9725562802;S
20240229;100354;3367.2;5;9725562803;S
20240229;100355;3367.4;10;9725562987;S
20240229;100356;3367.8;39;9725563067;B
20240229;100356;3367.8;1;9725563068;B
20240229;100356;3368;7;9725563069;B
20240229;100356;3368;53;9725563070;S
20240229;100358;3368;40;9725563357;B
20240229;100358;3368;20;9725563358;B
20240229;100358;3368;29;9725563359;B
20240229;100358;3368;11;9725563360;B
20240229;100359;3367.8;10;9725563573;S
20240229;100402;3368.4;1;9725564286;B
20240229;100404;3368.4;1;9725564635;B
20240229;100406;3367.8;7;9725564984;S
20240229;100406;3367.8;1;9725565025;S
20240229;100408;3367.8;1;9725565657;S
20240229;100409;3367.8;1;9725565927;S
20240229;100409;3367.8;1;9725565942;S
20240229;100409;3367.8;1;9725566052;S
20240229;100411;3367.8;47;9725566644;S
20240229;100413;3367.8;10;9725567085;S
20240229;100413;3367.8;21;9725567086;S
20240229;100413;3367.8;10;9725567087;S
20240229;100413;3367.8;1;9725567088;S
20240229;100413;3367.6;2;9725567089;S
20240229;100413;3367.2;9;9725567090;S
20240229;100413;3367.2;6;9725567091;S
20240229;100413;3367.2;11;9725567092;S
20240229;100413;3367.2;3;9725567093;S
20240229;100413;3367.2;3;9725567094;S
20240229;100413;3367.4;51;9725567235;B
20240229;100413;3367.4;40;9725567236;B
20240229;100413;3367.4;9;9725567237;B
20240229;100413;3367.2;177;9725567242;S
20240229;100413;3367;1;9725567243;S
20240229;100413;3366.8;7;9725567244;S
20240229;100413;3366.8;8;9725567245;S
20240229;100413;3366.6;3;9725567246;S
20240229;100413;3366.6;3;9725567247;S
20240229;100414;3366.6;4;9725567268;S
20240229;100414;3366.6;4;9725567269;S
20240229;100414;3366.6;4;9725567270;S
20240229;100414;3366.6;2;9725567271;S
20240229;100414;3366.6;1;9725567288;S
20240229;100414;3366.6;1;9725567351;S
20240229;100417;3366.6;1;9725567974;S
20240229;100418;3366.6;1;9725567990;S
20240229;100420;3366.6;50;9725568367;S
20240229;100421;3366.6;326;9725568680;S
20240229;100421;3366.6;10;9725568681;S
20240229;100421;3366.4;1;9725568682;S
20240229;100421;3366;1;9725568683;S
20240229;100421;3366;9;9725568684;S
20240229;100421;3365.8;47;9725568685;S
20240229;100421;3365.4;7;9725568686;S
20240229;100421;3365.4;3;9725568687;S
20240229;100421;3365.4;2;9725568688;S
20240229;100421;3365;5;9725568689;S
20240229;100421;3365;5;9725568690;S
20240229;100421;3365;10;9725568691;S
20240229;100421;3365;15;9725568692;S
20240229;100421;3365;1;9725568693;S
20240229;100421;3365;3;9725568694;S
20240229;100421;3365;22;9725568695;S
20240229;100421;3365;22;9725568696;S
20240229;100421;3365;1;9725568697;S
20240229;100421;3365;1;9725568698;S
20240229;100421;3365;1;9725568699;S
20240229;100421;3365;1;9725568700;S
20240229;100421;3365;42;9725568701;S
20240229;100421;3364.4;1;9725568706;S
20240229;100421;3364.4;1;9725568707;S
20240229;100421;3364.4;4;9725568708;S
20240229;100421;3364.4;1;9725568709;S
20240229;100422;3364.8;9;9725568906;B
20240229;100422;3364.8;20;9725568907;B
20240229;100423;3365;9;9725569138;B
20240229;100423;3365;40;9725569139;B
20240229;100423;3365.2;51;9725569140;B
20240229;100426;3364.6;3;9725570006;S
20240229;100427;3365;1;9725570126;B
20240229;100427;3365;36;9725570127;B
20240229;100427;3365;2;9725570128;B
20240229;100427;3365;2;9725570129;B
20240229;100427;3365.2;1;9725570130;B
20240229;100427;3365.6;100;9725570192;B
20240229;100427;3365.6;9;9725570193;B
20240229;100427;3366;6;9725570194;B
20240229;100427;3366;6;9725570195;B
20240229;100427;3366;88;9725570196;B
20240229;100427;3366.2;9;9725570197;B
20240229;100427;3366.2;8;9725570198;B
20240229;100427;3366.2;83;9725570199;B
20240229;100430;3366.2;1;9725570848;S
20240229;100431;3366.6;1;9725570994;B
20240229;100432;3366.6;39;9725571059;B
20240229;100432;3366.6;9;9725571060;B
20240229;100432;3366.6;100;9725571061;B
20240229;100432;3366.8;3;9725571062;B
20240229;100432;3366.8;1;9725571063;B
20240229;100432;3366.8;4;9725571064;B
20240229;100432;3366.8;4;9725571065;B
20240229;100432;3366.8;4;9725571066;B
20240229;100432;3366.8;8;9725571073;B
20240229;100432;3366.8;11;9725571074;B
20240229;100432;3366.8;69;9725571075;B
20240229;100432;3367;4;9725571076;B
20240229;100432;3367;3;9725571077;B
20240229;100432;3367;12;9725571078;B
20240229;100432;3367;31;9725571079;B
20240229;100432;3367;4;9725571080;B
20240229;100432;3367;16;9725571081;B
20240229;100432;3366.8;54;9725571082;B
20240229;100432;3366.8;46;9725571084;B
20240229;100432;3368;100;9725571087;B
20240229;100433;3368.2;20;9725571368;B
20240229;100436;3367.6;9;9725572021;S
20240229;100436;3367.2;45;9725572022;S
20240229;100436;3366.8;10;9725572023;S
20240229;100436;3366.8;15;9725572024;S
20240229;100436;3366.8;5;9725572025;S
20240229;100436;3366.4;1;9725572026;S
20240229;100436;3366.2;3;9725572027;S
20240229;100436;3366.2;1;9725572028;S
20240229;100436;3366;89;9725572029;S
20240229;100436;3366;60;9725572030;S
20240229;100436;3365.8;62;9725572031;S
20240229;100436;3367.4;1;9725572104;B
20240229;100437;3366;15;9725572217;S
20240229;100438;3366.2;1;9725572569;S
20240229;100438;3366;1;9725572995;S
20240229;100438;3365.6;8;9725572996;S
20240229;100438;3365.4;11;9725572997;S
20240229;100439;3365;10;9725573185;S
20240229;100445;3366.8;1;9725574460;B
20240229;100446;3365.8;2;9725574842;S
20240229;100447;3365.8;30;9725574945;S
20240229;100455;3366.8;2;9725576804;B
20240229;100456;3365.8;1;9725576847;S
20240229;100456;3365.4;3;9725576848;S
20240229;100456;3365.4;8;9725576849;S
20240229;100456;3365.2;89;9725576850;S
20240229;100506;3366;2;9725579029;S
20240229;100506;3366;2;9725579125;S
20240229;100507;3366;30;9725579230;S
20240229;100508;3366;41;9725579487;S
20240229;100510;3366;7;9725579882;S
20240229;100512;3366.4;20;9725580179;B
20240229;100512;3366;28;9725580274;S
20240229;100516;3366;1;9725580926;S
20240229;100522;3366;4;9725582238;B
20240229;100527;3366;25;9725583050;B
20240229;100527;3366;12;9725583051;B
20240229;100534;3366.4;2;9725584186;B
20240229;100535;3366.4;57;9725584465;B
20240229;100535;3366.4;21;9725584466;B
20240229;100535;3366.8;5;9725584467;B
20240229;100535;3366.8;3;9725584468;B
20240229;100535;3367;100;9725584470;B
20240229;100535;3367.2;5;9725584471;B
20240229;100535;3367.4;10;9725584472;B
20240229;100535;3367.4;13;9725584474;B
20240229;100535;3367.4;75;9725584475;B
20240229;100535;3367.4;12;9725584499;B
20240229;100535;3368;1;9725584500;B
20240229;100535;3368;1;9725584501;B
20240229;100536;3367.4;17;9725584658;S
20240229;100536;3367.2;8;9725584659;S
20240229;100536;3367.2;11;9725584660;S
20240229;100536;3367;10;9725584661;S
20240229;100536;3367;41;9725584662;S
20240229;100536;3366.8;10;9725584663;S
20240229;100536;3366.2;40;9725584664;S
20240229;100536;3366.2;5;9725584665;S
20240229;100536;3366;250;9725584666;S
20240229;100536;3368.2;1;9725584674;B
20240229;100537;3366.6;1;9725584908;S
20240229;100538;3367.6;1;9725585034;B
20240229;100540;3367.4;1;9725585247;B
20240229;100540;3366.4;12;9725585253;S
20240229;100540;3366.2;6;9725585254;S
20240229;100541;3367.8;1;9725585546;B
20240229;100541;3366.2;1;9725585625;S
20240229;100543;3367.2;3;9725586096;B
20240229;100557;3367.2;2;9725588674;B
20240229;100557;3367.4;7;9725588675;B
20240229;100557;3367.6;8;9725588676;B
20240229;100557;3367.8;1;9725588677;B
20240229;100557;3368;27;9725588678;B
20240229;100559;3367.2;8;9725588913;S
20240229;100559;3367;10;9725588914;S
20240229;100559;3367;40;9725588915;S
20240229;100601;3367;94;9725589266;B
20240229;100607;3368.4;10;9725590485;B
20240229;100615;3368.4;1;9725591966;B
20240229;100615;3368;1;9725592026;S
20240229;100615;3368.4;25;9725592147;B
20240229;100622;3368;1;9725594171;S
20240229;100623;3367.8;24;9725594408;S
20240229;100624;3367.8;10;9725594693;S
20240229;100624;3367.8;1;9725594694;S
20240229;100625;3367.8;1;9725595022;S
20240229;100626;3367.8;10;9725595061;S
20240229;100628;3367.8;10;9725595486;S
20240229;100628;3367.8;44;9725595487;S
20240229;100628;3367.2;9;9725595492;S
20240229;100628;3367.2;14;9725595493;S
20240229;100628;3367.2;5;9725595494;S
20240229;100628;3367.2;3;9725595496;S
20240229;100628;3367.2;2;9725595497;S
20240229;100628;3367.2;12;9725595498;S
20240229;100628;3367.2;5;9725595499;S
20240229;100628;3367;1;9725595500;S
20240229;100628;3367;10;9725595501;S
20240229;100628;3366.2;1;9725595543;S
20240229;100628;3366.2;2;9725595544;S
20240229;100628;3366.2;12;9725595545;S
20240229;100628;3366;21;9725595546;S
20240229;100628;3366;5;9725595547;S
20240229;100628;3366;15;9725595548;S
20240229;100628;3366;5;9725595549;S
20240229;100628;3366;98;9725595550;S
20240229;100628;3366;19;9725595551;S
20240229;100628;3366;10;9725595552;S
20240229;100628;3366;10;9725595553;S
20240229;100628;3366;29;9725595554;S
20240229;100628;3365.8;100;9725595555;S
20240229;100628;3365.4;35;9725595556;S
20240229;100628;3365;39;9725595557;S
20240229;100628;3365;10;9725595558;S
20240229;100628;3364.4;7;9725595560;S
20240229;100628;3364.6;50;9725595561;B
20240229;100628;3364.6;9;9725595562;B
20240229;100633;3364.8;2;9725596163;B
20240229;100635;3364.8;8;9725596703;S
20240229;100639;3365.8;4;9725597266;B
20240229;100640;3364.8;8;9725597537;B
20240229;100641;3364.4;3;9725597830;S
20240229;100647;3364.6;2;9725598808;S
20240229;100648;3364.6;1;9725598925;S
20240229;100648;3364.6;12;9725598946;S
20240229;100651;3364.4;4;9725599379;S
20240229;100656;3365.6;8;9725600167;B
20240229;100656;3365.8;7;9725600168;B
20240229;100656;3366;72;9725600169;B
20240229;100656;3366;28;9725600170;B
20240229;100656;3366;37;9725600171;B
20240229;100656;3366;11;9725600172;B
20240229;100656;3366;52;9725600173;B
20240229;100656;3366.2;6;9725600174;B
20240229;100656;3366.2;8;9725600175;B
20240229;100656;3366.2;2;9725600176;B
20240229;100656;3367;2;9725600179;B
20240229;100656;3367.8;100;9725600199;B
20240229;100659;3367.8;1;9725600466;B
20240229;100705;3366.8;3;9725601085;S
20240229;100720;3367;1;9725602984;B
20240229;100720;3366.8;5;9725603056;S
20240229;100720;3366.4;7;9725603057;S
20240229;100720;3366.2;38;9725603058;S
20240229;100720;3366;10;9725603059;S
20240229;100720;3365.6;400;9725603060;S
20240229;100720;3365.6;513;9725603061;B
20240229;100720;3365.6;15;9725603062;B
20240229;100720;3365.4;74;9725603063;B
20240229;100727;3366.6;7;9725603923;S
20240229;100727;3366.6;38;9725603924;S
20240229;100727;3366.2;100;9725603925;S
20240229;100727;3365.4;15;9725603926;S
20240229;100727;3365.4;15;9725603927;S
20240229;100727;3365;150;9725603928;S
20240229;100727;3365;30;9725603929;S
20240229;100727;3365;1;9725603930;S
20240229;100727;3364.6;10;9725603931;S
20240229;100727;3364.4;114;9725603932;S
20240229;100730;3365.2;50;9725604545;B
20240229;100730;3365.2;7;9725604546;B
20240229;100730;3365.4;152;9725604547;B
20240229;100730;3365.6;50;9725604548;B
20240229;100730;3365.8;17;9725604549;B
20240229;100730;3365.8;15;9725604550;B
20240229;100732;3366;1;9725604914;S
20240229;100735;3367.2;1;9725605327;B
20240229;100736;3367.2;7;9725605453;B
20240229;100736;3367.4;15;9725605454;B
20240229;100736;3367.4;8;9725605455;B
20240229;100737;3366.6;15;9725605621;S
20240229;100738;3366.8;7;9725605714;S
20240229;100738;3366.6;16;9725605715;S
20240229;100738;3366.6;10;9725605812;S
20240229;100742;3367.6;5;9725606403;B
20240229;100742;3367.6;5;9725606404;B
20240229;100742;3367.6;7;9725606405;B
20240229;100752;3367.6;7;9725607842;B
20240229;100754;3367.2;1;9725608085;S
20240229;100754;3367;1;9725608086;S
20240229;100754;3367;1;9725608087;S
20240229;100757;3367.6;5;9725608756;B
20240229;100757;3367.6;5;9725608757;B
20240229;100758;3366.6;9;9725608882;S
20240229;100801;3367;7;9725609351;S
20240229;100801;3366.8;1;9725609352;S
20240229;100802;3367.6;1;9725609398;B
20240229;100802;3367.8;18;9725609399;B
20240229;100802;3367.8;19;9725609506;B
20240229;100802;3367.8;113;9725609510;B
20240229;100802;3367.8;390;9725609511;B
20240229;100802;3367.8;1;9725609512;B
20240229;100802;3368;1;9725609513;B
20240229;100802;3368;70;9725609514;B
20240229;100802;3368;1;9725609515;B
20240229;100802;3368;29;9725609516;B
20240229;100802;3368.2;2;9725609517;B
20240229;100802;3368.8;5;9725609518;B
20240229;100802;3368.8;2;9725609519;B
20240229;100802;3369;6;9725609521;B
20240229;100802;3369;52;9725609522;B
20240229;100802;3369;48;9725609523;B
20240229;100802;3369.2;100;9725609524;B
20240229;100802;3369.6;27;9725609525;B
20240229;100802;3369.6;13;9725609526;B
20240229;100802;3370;5;9725609528;B
20240229;100802;3370;5;9725609529;B
20240229;100802;3370;11;9725609530;B
20240229;100802;3370;9;9725609570;B
20240229;100802;3370;5;9725609571;B
20240229;100802;3370;1;9725609572;B
20240229;100802;3370;15;9725609573;B
20240229;100812;3370;6;9725611108;B
20240229;100812;3370;6;9725611109;B
20240229;100821;3370;5;9725612609;S
20240229;100823;3370.2;12;9725612960;B
20240229;100825;3370;9;9725613349;S
20240229;100837;3370.2;1;9725615259;B
20240229;100846;3370.2;19;9725616543;B
20240229;100846;3370.2;19;9725616572;B
20240229;100847;3370.2;19;9725616688;B
20240229;100847;3370.2;6;9725616689;B
20240229;100847;3370.2;1;9725616690;B
20240229;100848;3370.4;2;9725616998;B
20240229;100851;3370.4;6;9725617376;B
20240229;100853;3370.2;6;9725617658;S
20240229;100853;3370.2;31;9725617659;S
20240229;100853;3370;13;9725617660;S
20240229;100854;3370;1;9725617753;S
20240229;100857;3370.4;2;9725618138;B
20240229;100901;3370.4;5;9725618712;B
20240229;100901;3370.4;2;9725618713;B
20240229;100902;3370.6;100;9725618947;B
20240229;100902;3370.6;6;9725618948;S
20240229;100902;3370.6;39;9725618950;B
20240229;100903;3370.4;19;9725619061;S
20240229;100903;3370.2;6;9725619062;S
20240229;100903;3370;1;9725619063;S
20240229;100903;3370;6;9725619064;S
20240229;100903;3370;48;9725619065;B
20240229;100912;3369.8;6;9725620440;B
20240229;100912;3370;74;9725620441;B
20240229;100914;3369;7;9725620624;S
20240229;100914;3369;3;9725620625;S
20240229;100917;3370;2;9725621139;B
20240229;100923;3370;24;9725622012;B
20240229;100923;3370;5;9725622013;B
20240229;100923;3370;1;9725622014;B
20240229;100924;3370;50;9725622237;S
20240229;100924;3369.8;11;9725622238;S
20240229;100925;3369.8;1;9725622245;S
20240229;100926;3369.8;1;9725622381;S
20240229;100927;3369.8;10;9725622651;S
20240229;100927;3369.8;1;9725622652;S
20240229;100927;3369.8;16;9725622653;S
20240229;100927;3369;19;9725622654;S
20240229;100934;3369;1;9725623634;S
20240229;100935;3369;19;9725623884;S
20240229;100944;3367.4;20;9725625287;S
20240229;100950;3368.4;5;9725626290;B
20240229;100950;3368.6;3;9725626291;B
20240229;101000;3367.2;51;9725627691;S
20240229;101000;3367.2;27;9725627692;S
20240229;101000;3367;12;9725627693;S
20240229;101000;3367;5;9725627694;S
20240229;101000;3366.6;4;9725627695;S
20240229;101000;3366;10;9725627696;S
20240229;101000;3365.8;20;9725627697;S
20240229;101000;3365.4;47;9725627698;S
20240229;101005;3366.4;2;9725628432;S
20240229;101007;3367.2;5;9725628811;S
20240229;101007;3366.8;5;9725628812;B
20240229;101010;3367.2;5;9725629215;B
20240229;101010;3367.6;1;9725629312;B
20240229;101017;3368;4;9725630447;B
20240229;101022;3368.2;1;9725631084;B
20240229;101032;3368.8;1;9725632389;B
20240229;101036;3368.8;9;9725632928;B
20240229;101036;3369;49;9725632929;B
20240229;101038;3369;100;9725633299;B
20240229;101038;3369;58;9725633300;B
20240229;101038;3369;6;9725633301;B
20240229;101038;3369;105;9725633302;B
20240229;101038;3369;20;9725633303;B
20240229;101038;3369;43;9725633305;B
20240229;101038;3369;2;9725633306;B
20240229;101038;3369;2;9725633307;B
20240229;101038;3369;8;9725633308;B
20240229;101038;3369.2;100;9725633317;B
20240229;101038;3370;1;9725633322;B
20240229;101038;3370;3;9725633323;B
20240229;101038;3370;10;9725633325;B
20240229;101040;3370;2;9725633644;B
20240229;101045;3370;18;9725634427;B
20240229;101045;3370;3;9725634428;B
20240229;101045;3370.6;1;9725634439;B
20240229;101050;3370.6;7;9725635162;B
20240229;101050;3370.8;100;9725635163;B
20240229;101050;3370.8;60;9725635164;B
20240229;101050;3371;1;9725635165;B
20240229;101050;3371;20;9725635166;B
20240229;101050;3371.4;15;9725635167;B
20240229;101050;3371.6;60;9725635168;B
20240229;101050;3371.8;20;9725635169;B
20240229;101050;3372;2;9725635170;B
20240229;101050;3372;100;9725635171;B
20240229;101050;3372;51;9725635172;B
20240229;101050;3372.8;60;9725635173;B
20240229;101050;3372.8;178;9725635174;B
20240229;101050;3373;10;9725635175;B
20240229;101050;3373.2;89;9725635176;B
20240229;101050;3373.4;60;9725635177;B
20240229;101050;3373.6;130;9725635178;B
20240229;101050;3373.6;105;9725635179;B
20240229;101050;3374;1;9725635180;B
20240229;101050;3374;20;9725635181;B
20240229;101050;3374;60;9725635182;B
20240229;101050;3374;135;9725635183;B
20240229;101050;3374.2;40;9725635184;B
20240229;101050;3374.4;50;9725635185;B
20240229;101050;3374.4;20;9725635186;B
20240229;101050;3374.4;3;9725635187;B
20240229;101050;3374.4;2;9725635188;B
20240229;101050;3374.6;2;9725635189;B
20240229;101050;3374.6;7;9725635190;B
20240229;101050;3374.6;87;9725635191;B
20240229;101050;3373.8;20;9725635197;B
20240229;101051;3372.8;12;9725635265;S
20240229;101051;3372.6;89;9725635266;S
20240229;101051;3372.4;19;9725635267;S
20240229;101051;3372.2;40;9725635268;S
20240229;101051;3372.2;169;9725635269;S
20240229;101051;3372;15;9725635270;S
20240229;101051;3371.2;40;9725635271;S
20240229;101051;3371;86;9725635272;S
20240229;101054;3372.8;5;9725635705;B
20240229;101054;3372.8;5;9725635706;B
20240229;101054;3373;22;9725635707;B
20240229;101054;3373;18;9725635708;B
20240229;101057;3373;1;9725636312;B
20240229;101101;3373;18;9725636949;B
20240229;101101;3373;5;9725636950;B
20240229;101101;3373.2;154;9725636951;B
20240229;101101;3373.4;100;9725636952;B
20240229;101101;3373.4;19;9725636953;B
20240229;101101;3373.4;51;9725636954;B
20240229;101101;3373.8;15;9725636955;B
20240229;101101;3373.8;2;9725636956;S
20240229;101101;3373.8;1;9725636957;S
20240229;101101;3373.8;1;9725636958;S
20240229;101105;3373.8;12;9725637487;B
20240229;101105;3374;48;9725637488;B
20240229;101109;3374;28;9725637947;B
20240229;101109;3374.2;162;9725637948;B
20240229;101109;3374.6;10;9725637949;B
20240229;101115;3374.6;3;9725638760;B
20240229;101116;3374.4;1;9725638981;S
20240229;101116;3374.6;12;9725639131;B
20240229;101116;3374.6;9;9725639132;B
20240229;101116;3374.6;2;9725639133;B
20240229;101122;3374.6;2;9725640185;B
20240229;101123;3374.6;3;9725640288;B
20240229;101123;3374.6;2;9725640289;B
20240229;101126;3374.6;9;9725640766;B
20240229;101126;3374.8;5;9725640767;B
20240229;101127;3374.4;4;9725640815;S
20240229;101127;3374.4;2;9725640816;S
20240229;101127;3374.4;1;9725640817;S
20240229;101127;3374.4;5;9725640832;B
20240229;101128;3374;1;9725640926;S
20240229;101128;3374.2;5;9725640975;B
20240229;101128;3374.2;5;9725641028;B
20240229;101131;3374.2;1;9725641223;B
20240229;101132;3374.2;88;9725641435;B
20240229;101132;3374.2;31;9725641436;B
20240229;101136;3374.2;8;9725641885;B
20240229;101137;3374.2;2;9725642010;B
20240229;101138;3374;7;9725642175;S
20240229;101138;3374;9;9725642176;S
20240229;101138;3373.4;14;9725642177;S
20240229;101141;3374.2;1;9725642552;S
20240229;101148;3374.4;23;9725643488;B
20240229;101148;3374.4;9;9725643489;B
20240229;101148;3374.4;15;9725643490;B
20240229;101158;3374.2;3;9725644761;S
20240229;101158;3374.2;11;9725644762;S
20240229;101158;3374.6;1;9725644840;B
20240229;101158;3374.6;10;9725644841;B
20240229;101158;3374.6;9;9725644842;B
20240229;101158;3374.6;3;9725644843;B
20240229;101159;3374.6;5;9725644906;B
20240229;101159;3374.8;4;9725644921;B
20240229;101201;3374.4;1;9725645185;S
20240229;101201;3374.8;20;9725645201;B
20240229;101202;3374.6;1;9725645276;S
20240229;101210;3374.6;1;9725646708;B
20240229;101211;3374.6;2;9725646848;B
20240229;101215;3374.6;34;9725647391;B
20240229;101215;3374.8;26;9725647392;B
20240229;101215;3374.8;50;9725647491;B
20240229;101216;3374.8;20;9725647589;B
20240229;101219;3374.6;2;9725647979;S
20240229;101219;3374.6;3;9725648043;S
20240229;101219;3374.6;2;9725648082;S
20240229;101220;3374.8;3;9725648242;B
20240229;101226;3374.6;1;9725649069;S
20240229;101228;3374.8;66;9725649339;B
20240229;101228;3374.6;2;9725649433;S
20240229;101228;3374.6;3;9725649592;S
20240229;101230;3374.6;2;9725649749;S
20240229;101230;3374.6;2;9725649871;S
20240229;101230;3374.6;6;9725649916;S
20240229;101236;3374.8;5;9725650712;B
20240229;101237;3374.6;1;9725650803;S
20240229;101239;3374.6;2;9725651057;S
20240229;101239;3374.6;14;9725651097;S
20240229;101239;3374.6;1;9725651098;S
20240229;101239;3374.6;9;9725651106;S
20240229;101239;3374.6;34;9725651107;S
20240229;101239;3374.6;2;9725651116;S
20240229;101239;3374.4;13;9725651126;S
20240229;101239;3374.4;6;9725651127;S
20240229;101239;3374.4;100;9725651128;S
20240229;101239;3374.4;41;9725651129;S
20240229;101239;3374.4;1;9725651247;S
20240229;101239;3374.4;1;9725651248;S
20240229;101239;3374.4;8;9725651289;S
20240229;101240;3374.4;2;9725651433;S
20240229;101240;3374.4;2;9725651579;S
20240229;101240;3374.4;1;9725651672;S
20240229;101242;3374.4;3;9725651956;S
20240229;101242;3374.4;7;9725652080;S
20240229;101247;3374.6;4;9725652851;B
20240229;101249;3374.4;34;9725653062;S
20240229;101249;3374.4;3;9725653063;S
20240229;101253;3374.6;1;9725653693;B
20240229;101255;3374.4;1;9725653951;S
20240229;101255;3374.4;10;9725653978;S
20240229;101256;3374.4;136;9725654082;S
20240229;101258;3374.2;10;9725654321;S
20240229;101300;3374.2;10;9725654604;S
20240229;101304;3374.4;1;9725655091;B
20240229;101304;3374.2;10;9725655105;S
20240229;101308;3374.2;1;9725655603;S
20240229;101311;3374.4;13;9725655897;B
20240229;101311;3374.4;1;9725655898;B
20240229;101321;3374.2;2;9725657228;S
20240229;101323;3374.2;1;9725657445;S
20240229;101327;3374.2;2;9725657806;S
20240229;101332;3374.4;2;9725658354;B
20240229;101334;3374.2;10;9725658679;S
20240229;101334;3374.2;86;9725658684;S
20240229;101334;3374;5;9725658698;S
20240229;101334;3374;50;9725658699;S
20240229;101334;3373.8;1;9725658723;S
20240229;101334;3373;8;9725658783;S
20240229;101335;3373;4;9725658850;S
20240229;101335;3373;2;9725658885;S
20240229;101335;3373;6;9725658914;S
20240229;101336;3373;10;9725659175;S
20240229;101339;3373;5;9725659569;S
20240229;101339;3372.6;5;9725659570;S
20240229;101340;3373.2;28;9725659634;B
20240229;101340;3373.2;29;9725659635;B
20240229;101340;3373.2;1;9725659636;B
20240229;101340;3373.4;35;9725659637;B
20240229;101340;3373.6;7;9725659638;B
20240229;101341;3373.4;89;9725659760;B
20240229;101342;3373.4;1;9725659954;S
20240229;101343;3372.8;5;9725660101;B
20240229;101345;3372.6;5;9725660384;S
20240229;101345;3371.2;2;9725660402;S
20240229;101349;3370.8;50;9725660776;B
20240229;101349;3371.2;5;9725660777;B
20240229;101349;3371.2;3;9725660778;B
20240229;101349;3371.2;5;9725660779;B
20240229;101352;3371.6;10;9725661152;B
20240229;101355;3371;17;9725661538;S
20240229;101355;3370.8;2;9725661539;S
20240229;101400;3370.8;1;9725662199;S
20240229;101401;3370.8;40;9725662492;S
20240229;101403;3370.2;4;9725662642;S
20240229;101407;3370.4;5;9725663257;S
20240229;101408;3370.2;2;9725663443;S
20240229;101412;3370.8;1;9725663759;B
20240229;101413;3370.4;2;9725663846;S
20240229;101413;3370.4;32;9725663847;S
20240229;101413;3370.2;25;9725663848;S
20240229;101413;3370.2;50;9725663849;S
20240229;101413;3370.2;15;9725663850;S
20240229;101413;3370;7;9725663851;S
20240229;101413;3370;1;9725663852;S
20240229;101413;3370;25;9725663853;S
20240229;101413;3370;434;9725663854;S
20240229;101413;3370;10;9725663855;S
20240229;101413;3370;4;9725663856;S
20240229;101413;3370;51;9725663857;S
20240229;101413;3370;6;9725663858;S
20240229;101413;3369;52;9725663859;S
20240229;101413;3369;3;9725663860;S
20240229;101413;3369;145;9725663861;S
20240229;101415;3368.4;4;9725664009;S
20240229;101415;3368.2;26;9725664010;S
20240229;101415;3368;1;9725664067;S
20240229;101417;3368;9;9725664308;S
20240229;101419;3368.4;4;9725664639;B
20240229;101419;3368.4;1;9725664654;S
20240229;101421;3368.4;1;9725664806;S
20240229;101438;3368.6;1;9725666750;S
20240229;101438;3368.6;9;9725666751;S
20240229;101438;3368.4;1;9725666793;S
20240229;101440;3369.6;6;9725667085;B
20240229;101440;3369.6;4;9725667086;B
20240229;101442;3370;1;9725667396;B
20240229;101442;3369.4;3;9725667477;S
20240229;101443;3369.4;8;9725667528;S
20240229;101443;3369.4;6;9725667529;S
20240229;101451;3370;3;9725668260;B
20240229;101503;3369.8;4;9725669689;S
20240229;101503;3369;1;9725669690;S
20240229;101525;3369.8;9;9725673644;B
20240229;101525;3369.8;1;9725673645;B
20240229;101532;3369.2;3;9725675057;S
20240229;101534;3369.8;40;9725675443;B
20240229;101534;3369.8;15;9725675444;B
20240229;101534;3370;1;9725675445;B
20240229;101534;3370;2;9725675446;B
20240229;101534;3370;5;9725675447;B
20240229;101534;3370;1038;9725675448;B
20240229;101534;3370;1;9725675449;B
20240229;101534;3370;10;9725675450;B
20240229;101534;3370.2;9;9725675451;B
20240229;101534;3370.8;1;9725675452;B
20240229;101534;3370.8;5;9725675453;B
20240229;101534;3370.8;100;9725675454;B
20240229;101534;3370.8;51;9725675455;B
20240229;101534;3371.2;60;9725675456;B
20240229;101534;3371.6;40;9725675457;B
20240229;101534;3372.2;60;9725675458;B
20240229;101534;3372.6;60;9725675459;B
20240229;101534;3373;40;9725675460;B
20240229;101534;3373.2;1;9725675461;B
20240229;101534;3373.6;86;9725675462;B
20240229;101534;3373.8;40;9725675463;B
20240229;101534;3373.8;40;9725675464;B
20240229;101534;3373.8;100;9725675465;B
20240229;101534;3374;2;9725675466;B
20240229;101534;3374;60;9725675467;B
20240229;101534;3374;1;9725675468;B
20240229;101534;3374.2;20;9725675469;B
20240229;101534;3374.2;11;9725675470;B
20240229;101534;3374.4;1;9725675471;B
20240229;101534;3374.4;10;9725675472;B
20240229;101534;3374.4;5;9725675473;B
20240229;101534;3374.4;334;9725675474;B
20240229;101534;3374.6;50;9725675475;B
20240229;101534;3374.6;1;9725675476;B
20240229;101534;3374.6;10;9725675477;B
20240229;101534;3374.6;212;9725675478;B
20240229;101537;3372.4;1;9725675931;B
20240229;101544;3372;1;9725677111;S
20240229;101545;3372.4;1;9725677297;B
20240229;101545;3372.4;1;9725677304;B
20240229;101552;3372;1;9725678752;S
20240229;101552;3372;9;9725678753;S
20240229;101609;3372;1;9725681948;B
20240229;101610;3372;50;9725682141;B
20240229;101647;3371.8;20;9725687528;S
20240229;101651;3371;1;9725688025;S
20240229;101713;3370.6;1;9725690913;S
20240229;101713;3370.4;9;9725690914;S
20240229;101726;3370.6;1;9725692296;B
20240229;101730;3370;1;9725692673;S
20240229;101730;3370;10;9725692674;S
20240229;101730;3370;64;9725692675;S
20240229;101734;3369.4;1;9725693059;S
20240229;101734;3369.4;35;9725693060;S
20240229;101734;3369.4;50;9725693061;S
20240229;101734;3369.2;10;9725693062;S
20240229;101740;3368.8;1;9725693746;S
20240229;101741;3369.2;1;9725693969;B
20240229;101749;3368.8;2;9725694728;S
20240229;101749;3368.8;2;9725694825;S
20240229;101749;3368.6;1;9725694826;S
20240229;101749;3368.6;1;9725694827;S
20240229;101802;3369.2;1;9725696366;B
20240229;101802;3369;1;9725696451;S
20240229;101810;3369;8;9725697281;S
20240229;101810;3369;11;9725697282;S
20240229;101811;3369;1;9725697454;S
20240229;101811;3368.6;20;9725697455;S
20240229;101811;3368.6;4;9725697456;S
20240229;101835;3368.8;1;9725699866;S
20240229;101835;3368.6;1;9725699867;S
20240229;101838;3368.4;4;9725700220;S
20240229;101842;3369.2;102;9725700663;B
20240229;101842;3369.2;48;9725700664;B
20240229;101845;3369.2;1;9725700958;B
20240229;101846;3369;89;9725701031;S
20240229;101849;3368.8;9;9725701347;S
20240229;101849;3368.4;89;9725701348;S
20240229;101849;3368.4;49;9725701349;S
20240229;101849;3368.2;51;9725701350;S
20240229;101849;3368;90;9725701351;S
20240229;101849;3368;12;9725701352;S
20240229;101849;3368;77;9725701353;S
20240229;101849;3367.8;23;9725701354;S
20240229;101849;3368.4;20;9725701366;B
20240229;101932;3368.2;1;9725706721;B
20240229;101932;3368.2;1;9725706722;B
20240229;101932;3368.2;1;9725706723;B
20240229;101932;3368.4;7;9725706724;B
20240229;101932;3367.8;27;9725706742;S
20240229;101939;3367.2;1;9725708181;S
20240229;101939;3367.2;1;9725708182;S
20240229;101940;3367.4;2;9725708302;B
20240229;101940;3368.4;9;9725708303;B
20240229;101940;3368.4;9;9725708304;B
20240229;101940;3367.2;4;9725708315;S
20240229;101944;3368.2;2;9725708922;S
20240229;101951;3367.6;1;9725709688;S
20240229;101951;3367.4;5;9725709689;S
20240229;101954;3367.6;9;9725710305;B
20240229;101954;3367.8;51;9725710306;B
20240229;101954;3368.6;15;9725710307;B
20240229;101954;3368.6;25;9725710308;B
20240229;102001;3367.2;5;9725711194;S
20240229;102001;3367.2;7;9725711195;S
20240229;102001;3367;88;9725711196;S
20240229;102005;3367;57;9725711972;S
20240229;102005;3367;19;9725711974;S
20240229;102005;3367;28;9725711975;S
20240229;102006;3367.2;10;9725712023;B
20240229;102008;3367;1;9725712380;S
20240229;102009;3367;1;9725712485;S
20240229;102011;3366.8;7;9725712751;S
20240229;102017;3366.8;2;9725713826;S
20240229;102021;3367;2;9725715673;B
20240229;102023;3366.8;1;9725715937;S
20240229;102023;3366.6;4;9725715938;S
20240229;102023;3366.4;1;9725715939;S
20240229;102028;3366.4;1;9725718757;B
20240229;102035;3366.8;1;9725722528;S
20240229;102035;3366.2;1;9725722561;S
20240229;102041;3366;10;9725724916;S
20240229;102041;3365.8;7;9725724917;S
20240229;102041;3365.6;3;9725724918;S
20240229;102041;3365.6;7;9725724922;S
20240229;102041;3365.6;5;9725724923;S
20240229;102041;3365.6;38;9725724924;S
20240229;102041;3365.4;100;9725724925;S
20240229;102041;3365.4;15;9725724926;S
20240229;102041;3365.4;7;9725724927;S
20240229;102041;3365.2;19;9725724928;S
20240229;102041;3365;5;9725724929;S
20240229;102041;3365;3;9725724930;S
20240229;102041;3365;149;9725724931;S
20240229;102041;3365;4;9725724932;S
20240229;102041;3365;1;9725724933;S
20240229;102041;3365;5;9725724934;S
20240229;102041;3365;10;9725724935;S
20240229;102041;3365;51;9725724936;S
20240229;102041;3364.8;60;9725724937;S
20240229;102041;3364.8;13;9725724938;S
20240229;102041;3365.6;28;9725724976;B
20240229;102041;3365.8;7;9725724977;B
20240229;102041;3365.8;30;9725724978;B
20240229;102041;3366;50;9725724979;B
20240229;102041;3366.2;9;9725724980;B
20240229;102041;3366.2;31;9725724981;S
20240229;102041;3366.4;1;9725725068;B
20240229;102043;3366.2;8;9725725849;S
20240229;102043;3366.2;20;9725725866;S
20240229;102047;3366.2;4;9725727162;S
20240229;102054;3366.2;13;9725729873;S
20240229;102054;3366.2;1;9725729874;S
20240229;102054;3366;6;9725729875;S
20240229;102054;3366;30;9725729876;S
20240229;102054;3366;1;9725729885;S
20240229;102054;3365;1;9725729886;S
20240229;102058;3365.2;7;9725730541;S
20240229;102058;3365.4;1;9725730623;S
20240229;102101;3365.2;1;9725732642;S
20240229;102104;3365.2;2;9725733493;S
20240229;102105;3365.2;10;9725733561;S
20240229;102111;3365.2;1;9725735096;S
20240229;102112;3365.2;29;9725735687;S
20240229;102112;3365.2;7;9725735688;S
20240229;102112;3365.2;37;9725735689;S
20240229;102112;3365;14;9725735690;S
20240229;102112;3365;16;9725735691;S
20240229;102114;3365.2;1;9725736147;S
20240229;102115;3365.2;22;9725736440;S
20240229;102116;3365.2;5;9725736870;S
20240229;102119;3365.4;1;9725737304;S
20240229;102120;3365.8;1;9725737759;B
20240229;102124;3365.6;2;9725738154;S
20240229;102132;3365.6;5;9725740541;S
20240229;102132;3365.6;6;9725740542;S
20240229;102136;3365.8;76;9725741242;S
20240229;102136;3365.8;6;9725741243;S
20240229;102136;3365.8;9;9725741244;S
20240229;102136;3365.6;34;9725741245;S
20240229;102136;3365.4;2;9725741246;S
20240229;102136;3365.4;2;9725741247;S
20240229;102136;3365.4;15;9725741248;S
20240229;102136;3365.4;60;9725741249;S
20240229;102136;3365.4;151;9725741250;S
20240229;102136;3365.2;22;9725741251;S
20240229;102136;3365.2;100;9725741252;S
20240229;102136;3365;184;9725741253;S
20240229;102136;3364.8;87;9725741254;S
20240229;102136;3364.8;19;9725741255;S
20240229;102136;3364.8;33;9725741256;S
20240229;102137;3365.4;6;9725741991;B
20240229;102137;3365.6;4;9725741992;B
20240229;102143;3364.6;1;9725743758;S
20240229;102143;3364.6;5;9725743759;S
20240229;102143;3364.6;1;9725743760;S
20240229;102143;3364.4;7;9725743761;S
20240229;102149;3365.6;1;9725744636;B
20240229;102155;3365.8;1;9725746851;B
20240229;102159;3365.4;1;9725748299;B
20240229;102202;3364.6;7;9725749354;S
20240229;102202;3364.6;4;9725749355;S
20240229;102202;3364.4;3;9725749356;S
20240229;102217;3364.4;1;9725753330;S
20240229;102220;3364.4;56;9725753615;S
20240229;102220;3364.4;1;9725753616;S
20240229;102220;3364.4;1;9725753617;S
20240229;102220;3364.4;29;9725753618;S
20240229;102225;3364.4;1;9725755808;S
20240229;102226;3364.4;2;9725756238;S
20240229;102227;3364.6;4;9725756308;B
20240229;102227;3364.6;4;9725756309;B
20240229;102227;3364.6;20;9725756310;B
20240229;102227;3364.8;800;9725756311;B
20240229;102227;3365;439;9725756312;B
20240229;102227;3365;50;9725756313;B
20240229;102227;3365;15;9725756314;B
20240229;102227;3365.8;18;9725756315;B
20240229;102227;3365.8;345;9725756316;B
20240229;102227;3365.8;80;9725756317;B
20240229;102227;3366;100;9725756318;B
20240229;102227;3366.2;60;9725756319;B
20240229;102227;3366.8;89;9725756320;B
20240229;102227;3367;98;9725756321;B
20240229;102227;3367;1;9725756322;B
20240229;102227;3367;5;9725756323;B
20240229;102227;3367;60;9725756324;B
20240229;102227;3367;52;9725756325;B
20240229;102227;3367.6;60;9725756326;B
20240229;102227;3368;71;9725756327;B
20240229;102227;3368.4;5;9725756328;B
20240229;102227;3368.4;60;9725756329;B
20240229;102227;3368.6;20;9725756330;B
20240229;102227;3368.6;44;9725756331;B
20240229;102227;3368.2;40;9725756333;B
20240229;102227;3368.2;10;9725756334;B
20240229;102227;3368.2;74;9725756335;B
20240229;102227;3368.2;26;9725756336;B
20240229;102227;3367.6;1;9725756345;S
20240229;102231;3367.6;4;9725756963;S
20240229;102231;3367.6;20;9725756964;S
20240229;102233;3367.4;24;9725757127;S
20240229;102233;3367.4;46;9725757128;S
20240229;102238;3367.8;1;9725758672;S
20240229;102238;3367.8;4;9725758673;S
20240229;102238;3367.8;30;9725758674;S
20240229;102238;3367.6;5;9725758675;S
20240229;102239;3367.4;4;9725759324;S
20240229;102247;3367.4;2;9725761675;S
20240229;102253;3367.4;1;9725762464;S
20240229;102304;3368;3;9725765808;B
20240229;102304;3368.2;15;9725765809;B
20240229;102304;3368.2;15;9725765810;B
20240229;102304;3368.4;55;9725765811;B
20240229;102306;3367.6;3;9725766077;S
20240229;102306;3367.6;100;9725766078;S
20240229;102306;3367.4;1;9725766079;S
20240229;102306;3367.4;17;9725766080;S
20240229;102306;3367.2;19;9725766081;S
20240229;102306;3367;178;9725766082;S
20240229;102306;3367;58;9725766083;B
20240229;102306;3367;90;9725766084;B
20240229;102306;3367;34;9725766085;B
20240229;102307;3366.8;1;9725766802;S
20240229;102307;3366.8;100;9725766803;S
20240229;102307;3366.6;3;9725766804;S
20240229;102307;3366.6;17;9725766805;S
20240229;102307;3366.4;89;9725766806;S
20240229;102307;3366.2;60;9725766807;S
20240229;102307;3366;19;9725766808;S
20240229;102307;3366;11;9725766809;S
20240229;102310;3366.8;1;9725767686;B
20240229;102311;3365.8;5;9725767927;S
20240229;102311;3365.8;25;9725767928;S
20240229;102311;3365.8;8;9725767929;S
20240229;102311;3365.6;60;9725767930;S
20240229;102311;3365.4;24;9725767931;S
20240229;102311;3365.4;9;9725767932;S
20240229;102311;3365.4;50;9725767933;S
20240229;102311;3365.2;51;9725767934;S
20240229;102311;3365.2;15;9725767935;S
20240229;102321;3364.8;1;9725769951;B
20240229;102330;3365;1;9725773187;B
20240229;102342;3364.8;1;9725776503;S
20240229;102403;3364.8;5;9725781641;S
20240229;102403;3364.8;1;9725781872;S
20240229;102408;3364.8;1;9725782331;S
20240229;102413;3365;1000;9725783842;B
20240229;102413;3365;175;9725783843;B
20240229;102413;3365;77;9725783844;B
20240229;102413;3365;128;9725783845;B
20240229;102413;3365;22;9725783846;B
20240229;102413;3365;55;9725783847;B
20240229;102413;3365;145;9725783848;B
20240229;102413;3365;63;9725783849;B
20240229;102413;3365;280;9725783850;B
20240229;102413;3365;119;9725783851;B
20240229;102413;3365;200;9725783852;B
20240229;102413;3365;219;9725783853;B
20240229;102413;3365;77;9725783854;B
20240229;102414;3365;1;9725783969;B
20240229;102437;3365;38;9725789464;B
20240229;102443;3365;23;9725791373;B
20240229;102445;3365;100;9725791659;B
20240229;102446;3364.8;54;9725791744;S
20240229;102446;3364.8;100;9725791745;S
20240229;102446;3364.8;14;9725791746;S
20240229;102456;3365;380;9725794068;B
20240229;102456;3365;49;9725794069;B
20240229;102456;3365;1;9725794070;B
20240229;102457;3365;1;9725794172;B
20240229;102457;3365;41;9725794225;B
20240229;102457;3364.8;5;9725794226;S
20240229;102502;3364.8;10;9725796533;S
20240229;102504;3364.8;5;9725796937;S
20240229;102505;3364.8;1;9725797042;S
20240229;102506;3364.8;31;9725797169;S
20240229;102506;3364.8;5;9725797170;S
20240229;102506;3364.8;5;9725797171;S
20240229;102506;3364.8;9;9725797172;B
20240229;102509;3364.6;1;9725797532;S
20240229;102511;3364.6;5;9725797738;S
20240229;102513;3364.6;10;9725799422;S
20240229;102515;3364.8;1;9725799596;B
20240229;102515;3364.8;2;9725799597;B
20240229;102516;3364.8;48;9725799685;B
20240229;102516;3364.8;2;9725799686;B
20240229;102517;3364.6;1;9725799926;S
20240229;102517;3364.8;6;9725799945;B
20240229;102518;3364.6;5;9725799988;S
20240229;102525;3364.6;5;9725801663;S
20240229;102527;3364.6;82;9725801899;S
20240229;102531;3364.8;2;9725802702;B
20240229;102531;3364.8;1;9725802703;B
20240229;102532;3364.6;5;9725802860;S
20240229;102539;3364.6;5;9725803466;S
20240229;102539;3364.8;1;9725803534;B
20240229;102541;3364.6;38;9725803667;S
20240229;102546;3364.6;5;9725804087;S
20240229;102550;3364.6;100;9725804546;S
20240229;102550;3364.8;2;9725804598;B
20240229;102553;3364.6;5;9725804928;S
20240229;102600;3364.6;5;9725805538;S
20240229;102606;3364.6;2;9725806016;S
20240229;102607;3364.6;5;9725806165;S
20240229;102609;3364.8;2;9725806422;B
20240229;102610;3364.8;1;9725806487;B
20240229;102612;3364.8;12;9725806727;B
20240229;102612;3364.8;2;9725806728;B
20240229;102612;3364.8;2;9725806729;B
20240229;102612;3365;16;9725806730;B
20240229;102614;3364.8;5;9725806822;S
20240229;102614;3364.8;30;9725806961;S
20240229;102619;3365;1;9725807337;B
20240229;102620;3364.8;1;9725807457;S
20240229;102621;3364.8;5;9725807507;S
20240229;102621;3364.6;12;9725807537;S
20240229;102621;3364.6;35;9725807538;S
20240229;102626;3364.8;1;9725807918;B
20240229;102626;3364.6;2;9725808017;S
20240229;102636;3364.6;5;9725809735;S
20240229;102636;3364.8;2;9725809736;B
20240229;102636;3364.8;10;9725809756;S
20240229;102636;3364.6;8;9725809757;S
20240229;102636;3364.6;8;9725809758;S
20240229;102636;3364.6;200;9725809759;S
20240229;102636;3364.6;100;9725809760;S
20240229;102636;3364.6;24;9725809761;S
20240229;102636;3364.6;47;9725809762;S
20240229;102638;3364.6;1;9725809961;S
20240229;102638;3364.4;9;9725809962;S
20240229;102642;3364.4;9;9725810359;S
20240229;102642;3364.4;4;9725810360;S
20240229;102644;3364.6;8;9725810515;B
20240229;102644;3364.6;2;9725810516;B
20240229;102644;3364.6;40;9725810517;B
20240229;102651;3364.6;2;9725811101;B
20240229;102708;3364.6;1;9725812599;S
20240229;102711;3364.6;1;9725812975;S
20240229;102731;3364.6;6;9725814806;S
20240229;102731;3364.6;14;9725814826;S
20240229;102731;3364.6;10;9725814827;S
20240229;102731;3364.6;2;9725814828;S
20240229;102743;3364.8;1;9725816078;B
20240229;102750;3364.6;1;9725816787;S
20240229;102751;3364.8;6;9725816891;B
20240229;102807;3364.8;1;9725818328;B
20240229;102807;3364.8;8;9725818329;B
20240229;102809;3364.8;25;9725818569;B
20240229;102809;3364.8;1;9725818570;B
20240229;102809;3364.8;15;9725818571;B
20240229;102830;3365;1;9725820734;B
20240229;102830;3365;10;9725820744;B
20240229;102830;3365;10;9725820746;B
20240229;102834;3364.8;4;9725821071;S
20240229;102834;3364.8;3;9725821072;S
20240229;102835;3364.8;2;9725821192;S
20240229;102849;3364.6;2;9725822701;S
20240229;102849;3364.4;6;9725822702;S
20240229;102849;3364.4;1;9725822703;S
20240229;102849;3364.2;1;9725822704;S
20240229;102850;3364.2;10;9725822761;S
20240229;102852;3364;19;9725823038;S
20240229;102852;3364;1;9725823059;S
20240229;102856;3364;10;9725823403;S
20240229;102857;3364.2;98;9725823453;B
20240229;102857;3364.2;4;9725823454;B
20240229;102857;3364.6;11;9725823455;B
20240229;102857;3364.6;15;9725823456;B
20240229;102857;3364.6;72;9725823457;B
20240229;102909;3364.8;50;9725824966;B
20240229;102909;3364.8;12;9725824967;B
20240229;102909;3365;338;9725824968;B
20240229;102909;3365;10;9725824972;B
20240229;102909;3365;10;9725824973;B
20240229;102911;3365;30;9725825101;B
20240229;102913;3365;1;9725825464;B
20240229;102916;3365;1;9725825737;B
20240229;102921;3364.6;8;9725826327;S
20240229;102921;3364.6;12;9725826328;S
20240229;102921;3364.4;4;9725826329;S
20240229;102927;3365;10;9725827043;B
20240229;102931;3364.8;1;9725827450;S
20240229;102939;3364.8;4;9725828316;B
20240229;102939;3365;6;9725828317;B
20240229;102952;3364.6;10;9725829668;S
20240229;102959;3365;5;9725830484;B
20240229;103015;3364.6;8;9725832431;S
20240229;103025;3364.6;1;9725833368;S
20240229;103026;3364.8;7;9725833488;B
20240229;103028;3364.6;9;9725833670;S
20240229;103046;3364.6;15;9725835589;S
20240229;103049;3364.8;1;9725835843;B
20240229;103049;3364.8;2;9725835844;B
20240229;103049;3364.8;2;9725835845;B
20240229;103049;3364.8;10;9725835846;B
20240229;103049;3364.8;35;9725835847;B
20240229;103052;3364.6;2;9725836075;S
20240229;103052;3364.6;1;9725836076;S
20240229;103052;3364.4;5;9725836077;S
20240229;103052;3364.4;1;9725836078;S
20240229;103052;3364.4;1;9725836079;S
20240229;103105;3364.6;1;9725837616;B
20240229;103111;3364.6;44;9725838414;B
20240229;103111;3364.6;25;9725838415;B
20240229;103114;3364.2;3;9725839048;S
20240229;103118;3364.2;2;9725839524;S
20240229;103118;3364.2;25;9725839525;S
20240229;103118;3364.2;1;9725839526;S
20240229;103131;3364;4;9725840904;S
20240229;103135;3364;5;9725841178;S
20240229;103135;3364;98;9725841235;S
20240229;103135;3364;1;9725841240;S
20240229;103145;3364.2;2;9725842056;B
20240229;103148;3364;9;9725842284;S
20240229;103151;3364;53;9725842718;S
20240229;103151;3364;1;9725842719;S
20240229;103151;3364;10;9725842720;S
20240229;103151;3364;1;9725842721;S
20240229;103151;3364;2;9725842722;S
20240229;103151;3364;10;9725842723;S
20240229;103151;3364;3;9725842724;S
20240229;103154;3364;200;9725842966;S
20240229;103154;3364;13;9725842967;S
20240229;103154;3364;5;9725842968;S
20240229;103154;3364;3;9725842969;S
20240229;103154;3363.8;50;9725842970;S
20240229;103154;3363.8;1;9725842971;S
20240229;103154;3363.8;2;9725842972;S
20240229;103154;3363.8;20;9725842973;S
20240229;103154;3363.6;1;9725842974;S
20240229;103154;3363.6;148;9725842975;S
20240229;103154;3363.6;52;9725842976;S
20240229;103154;3363.6;1;9725842977;S
20240229;103154;3363.6;3;9725842978;S
20240229;103154;3363.6;2;9725842979;S
20240229;103154;3363.6;8;9725842980;S
20240229;103154;3363.6;2;9725842981;S
20240229;103154;3363.4;1;9725842982;S
20240229;103154;3363.4;1;9725842983;S
20240229;103154;3363.4;2;9725842984;S
20240229;103154;3363.2;20;9725842985;S
20240229;103154;3363.2;66;9725842986;S
20240229;103154;3363.2;34;9725842987;S
20240229;103154;3363;200;9725842988;S
20240229;103154;3363;11;9725842989;S
20240229;103154;3363;14;9725842990;S
20240229;103154;3363;1;9725842991;S
20240229;103154;3363;25;9725842992;S
20240229;103154;3362.8;2;9725842993;S
20240229;103154;3362.4;1;9725842994;S
20240229;103154;3362.4;1;9725842995;S
20240229;103154;3362.2;1;9725843006;S
20240229;103154;3362;1;9725843024;S
20240229;103154;3362;1;9725843025;S
20240229;103154;3362;14;9725843057;S
20240229;103154;3362;60;9725843059;S
20240229;103155;3362;3;9725843092;S
20240229;103155;3362;3;9725843098;S
20240229;103201;3362.2;1;9725843697;B
20240229;103201;3362.2;1;9725843698;B
20240229;103201;3362.2;1;9725843708;B
20240229;103203;3362.2;1;9725843919;S
20240229;103221;3362.2;12;9725846545;S
20240229;103221;3362.2;20;9725846546;S
20240229;103221;3362.2;3;9725846547;S
20240229;103224;3362;10;9725846992;S
20240229;103225;3362;17;9725847374;S
20240229;103225;3362;91;9725847375;S
20240229;103225;3362;2;9725847376;S
20240229;103225;3362;1;9725847377;S
20240229;103225;3362;10;9725847378;S
20240229;103225;3362;2;9725847379;S
20240229;103225;3362;3;9725847380;S
20240229;103225;3362;10;9725847381;S
20240229;103225;3361.8;10;9725847416;S
20240229;103225;3361.8;3;9725847417;S
20240229;103226;3361.6;10;9725847469;S
20240229;103226;3361.4;50;9725847470;S
20240229;103226;3361.4;1;9725847471;S
20240229;103227;3361;10;9725847522;S
20240229;103227;3361;5;9725847549;S
20240229;103227;3361;5;9725847553;S
20240229;103228;3361;5;9725847579;S
20240229;103228;3361;1;9725847642;S
20240229;103229;3361;5;9725847693;S
20240229;103229;3361;50;9725847701;S
20240229;103230;3361;1;9725847877;S
20240229;103231;3361;81;9725847956;S
20240229;103231;3361;37;9725847957;S
20240229;103231;3361;5;9725847958;S
20240229;103231;3361;10;9725847959;S
20240229;103231;3360.8;1;9725847960;S
20240229;103231;3360.8;5;9725847961;S
20240229;103231;3360.6;5;9725847962;S
20240229;103231;3360.6;1;9725847963;S
20240229;103231;3360.4;1;9725847975;S
20240229;103233;3360.4;1;9725848205;S
20240229;103233;3360.8;10;9725848218;B
20240229;103233;3361;11;9725848219;B
20240229;103233;3361;13;9725848220;B
20240229;103233;3361.2;30;9725848221;B
20240229;103233;3361.8;1;9725848222;B
20240229;103240;3361.6;5;9725849052;B
20240229;103243;3361;1;9725849484;S
20240229;103243;3361;13;9725849485;S
20240229;103243;3360.8;8;9725849486;S
20240229;103244;3361;1;9725849633;B
20240229;103250;3361.6;5;9725850509;B
20240229;103250;3361.6;7;9725850510;B
20240229;103254;3362;6;9725851422;B
20240229;103256;3362.4;10;9725851670;B
20240229;103259;3362.6;10;9725852082;B
20240229;103259;3362.6;100;9725852083;B
20240229;103259;3363;10;9725852084;B
20240229;103302;3363.6;1;9725852383;B
20240229;103316;3363.6;10;9725853835;B
20240229;103316;3363.6;15;9725853836;B
20240229;103316;3363.6;5;9725853837;B
20240229;103316;3363.6;5;9725853838;B
20240229;103316;3363.8;65;9725853839;B
20240229;103324;3363.6;12;9725854751;S
20240229;103324;3363.8;10;9725854784;B
20240229;103324;3363.6;18;9725854855;S
20240229;103324;3363.6;58;9725854856;S
20240229;103324;3363.4;11;9725854857;S
20240229;103340;3362;4;9725856701;S
20240229;103341;3362.4;1;9725856792;B
20240229;103343;3362.4;299;9725857024;B
20240229;103343;3362.6;12;9725857025;B
20240229;103343;3362.6;15;9725857026;B
20240229;103343;3363;474;9725857027;B
20240229;103357;3363;9;9725858818;B
20240229;103414;3363;430;9725860361;B
20240229;103414;3363;5;9725860362;B
20240229;103414;3363.4;5;9725860363;B
20240229;103414;3363.8;25;9725860365;B
20240229;103414;3364;1;9725860366;B
20240229;103414;3364.2;6;9725860375;B
20240229;103414;3364.2;23;9725860393;B
20240229;103420;3363.8;5;9725860993;S
20240229;103426;3363.8;5;9725861631;S
20240229;103426;3363.8;5;9725861632;S
20240229;103426;3363.6;5;9725861633;S
20240229;103426;3363.4;5;9725861634;S
20240229;103430;3364;2;9725862038;B
20240229;103433;3363;1;9725862240;S
20240229;103433;3363.4;1;9725862267;B
20240229;103435;3363.4;2;9725862488;B
20240229;103444;3363.4;1;9725863510;B
20240229;103455;3363.4;1;9725864713;B
20240229;103455;3363.4;34;9725864714;B
20240229;103456;3363.8;2;9725864840;S
20240229;103522;3363.8;1;9725867404;B
20240229;103522;3364;15;9725867405;B
20240229;103522;3364.2;156;9725867406;B
20240229;103523;3363.8;2;9725867445;S
20240229;103524;3364.2;233;9725867574;B
20240229;103528;3364.2;1;9725867906;B
20240229;103528;3363.8;8;9725867941;S
20240229;103531;3364.2;10;9725868140;B
20240229;103531;3364.2;28;9725868259;B
20240229;103536;3364.2;5;9725868677;B
20240229;103539;3364.2;10;9725868982;B
20240229;103539;3364.2;10;9725868986;B
20240229;103601;3364;2;9725871834;S
20240229;103601;3364;3;9725871837;S
20240229;103601;3363.8;3;9725871880;S
20240229;103612;3364;7;9725873306;B
20240229;103619;3364.2;50;9725874378;B
20240229;103621;3364;5;9725874539;S
20240229;103621;3364.2;50;9725874690;B
20240229;103625;3364;5;9725875275;S
20240229;103628;3364.2;1;9725875664;B
20240229;103628;3364;4;9725875773;S
20240229;103631;3364;9;9725876253;S
20240229;103631;3364;3;9725876268;S
20240229;103631;3364;8;9725876270;S
20240229;103631;3364;13;9725876272;S
20240229;103631;3364;34;9725876273;S
20240229;103631;3364;15;9725876275;S
20240229;103631;3364;6;9725876277;S
20240229;103631;3364;3;9725876278;S
20240229;103631;3364;5;9725876279;S
20240229;103631;3364;12;9725876281;S
20240229;103631;3364;8;9725876282;S
20240229;103635;3364.2;15;9725877448;B
20240229;103640;3364;2;9725878402;S
20240229;103642;3364.2;60;9725878742;B
20240229;103647;3364;28;9725879210;S
20240229;103649;3364;33;9725879373;S
20240229;103649;3364;74;9725879374;S
20240229;103649;3364;29;9725879375;S
20240229;103651;3364;1;9725879610;B
20240229;103708;3363.8;1;9725881305;S
20240229;103722;3364;3;9725882493;B
20240229;103723;3364;1;9725882759;B
20240229;103731;3363.8;13;9725883591;S
20240229;103731;3363.8;3;9725883592;S
20240229;103731;3363.8;30;9725883593;S
20240229;103731;3363.8;4;9725883594;S
20240229;103731;3363.8;1;9725883595;S
20240229;103731;3363.8;1;9725883596;S
20240229;103734;3363;2;9725883873;S
20240229;103734;3363;1;9725883874;S
20240229;103734;3363;2;9725883875;S
20240229;103735;3363.6;50;9725884016;B
20240229;103735;3363.6;15;9725884017;B
20240229;103735;3363.8;85;9725884018;B
20240229;103740;3363.8;100;9725884494;B
20240229;103749;3363.2;8;9725885328;S
20240229;103755;3363.2;1;9725885895;S
20240229;103755;3363.2;14;9725885896;S
20240229;103755;3363;53;9725885897;S
20240229;103755;3363;53;9725885898;S
20240229;103803;3363;2;9725886685;B
20240229;103805;3362.8;1;9725886819;S
20240229;103805;3362.8;3;9725886820;S
20240229;103805;3362.8;20;9725886821;S
20240229;103805;3362.6;14;9725886822;S
20240229;103805;3362.6;72;9725886823;S
20240229;103805;3362.4;2;9725886824;S
20240229;103805;3362;15;9725886825;S
20240229;103805;3362;52;9725886826;S
20240229;103805;3361.4;60;9725886827;S
20240229;103805;3361.4;40;9725886828;S
20240229;103805;3361.2;1;9725886829;S
20240229;103805;3361.2;10;9725886830;S
20240229;103808;3361.8;29;9725887195;S
20240229;103808;3361.8;4;9725887196;S
20240229;103808;3361.6;14;9725887197;S
20240229;103808;3361.6;71;9725887198;S
20240229;103808;3361.4;52;9725887199;S
20240229;103808;3361.2;15;9725887200;S
20240229;103808;3361.2;40;9725887201;S
20240229;103808;3361;1;9725887202;S
20240229;103808;3360.8;5;9725887203;S
20240229;103808;3360.8;112;9725887204;S
20240229;103808;3360.6;60;9725887205;S
20240229;103808;3360.6;12;9725887206;S
20240229;103809;3362.6;2;9725887272;B
20240229;103810;3363;1;9725887337;B
20240229;103815;3363;2;9725887928;B
20240229;103819;3363.4;12;9725888262;B
20240229;103819;3363.8;168;9725888263;B
20240229;103857;3363.4;12;9725892035;S
20240229;103857;3363.4;5;9725892036;S
20240229;103857;3363.4;43;9725892037;S
20240229;103901;3363.2;5;9725892661;S
20240229;103901;3363.2;12;9725892662;S
20240229;103901;3363;48;9725892663;S
20240229;103901;3363;5;9725892664;S
20240229;103901;3362.8;5;9725892665;S
20240229;103901;3362.8;5;9725892666;S
20240229;103901;3362.8;1;9725892667;S
20240229;103901;3362.8;61;9725892668;S
20240229;103901;3362.2;15;9725892669;S
20240229;103901;3361.8;5;9725892670;S
20240229;103901;3361.8;160;9725892671;S
20240229;103901;3361.8;40;9725892672;S
20240229;103901;3361.6;5;9725892673;S
20240229;103901;3361.6;133;9725892674;S
20240229;103902;3362;1;9725892709;S
20240229;103907;3363.2;1;9725893386;B
20240229;103920;3362;3;9725895008;S
20240229;103920;3361.8;33;9725895009;S
20240229;103920;3361.8;12;9725895010;S
20240229;103920;3361.8;61;9725895011;S
20240229;103920;3361.6;4;9725895012;S
20240229;103920;3361.4;5;9725895013;S
20240229;103920;3361.4;1;9725895014;S
20240229;103920;3361.4;74;9725895015;S
20240229;103920;3361.2;15;9725895016;S
20240229;103920;3361.2;40;9725895017;S
20240229;103920;3361.2;1;9725895018;S
20240229;103920;3361;15;9725895019;S
20240229;103920;3360.8;60;9725895020;S
20240229;103920;3360.6;10;9725895021;S
20240229;103920;3360.6;52;9725895022;S
20240229;103920;3360.4;3;9725895023;S
20240229;103920;3360.4;1;9725895024;S
20240229;103920;3360.4;10;9725895025;S
20240229;103920;3360.4;30;9725895026;S
20240229;103920;3360.4;10;9725895027;S
20240229;103920;3360.4;1;9725895028;S
20240229;103920;3360.4;202;9725895029;S
20240229;103920;3360.4;19;9725895030;S
20240229;103920;3360.2;2;9725895031;S
20240229;103920;3360.2;60;9725895032;S
20240229;103920;3360.2;100;9725895033;S
20240229;103920;3360.2;2;9725895034;S
20240229;103920;3360.2;3;9725895035;S
20240229;103920;3360.2;10;9725895036;S
20240229;103920;3360.2;10;9725895037;S
20240229;103920;3360.2;7;9725895038;S
20240229;103920;3360;25;9725895039;S
20240229;103920;3360;5;9725895040;S
20240229;103920;3360;1;9725895041;S
20240229;103920;3360;5;9725895042;S
20240229;103920;3360;1;9725895043;S
20240229;103920;3360;107;9725895044;S
20240229;103920;3361.2;1;9725895098;S
20240229;103921;3361.2;10;9725895106;S
20240229;103921;3361.2;11;9725895137;S
20240229;103921;3361;17;9725895138;S
20240229;103921;3360.8;32;9725895139;S
20240229;103926;3361.2;1;9725895895;B
20240229;103928;3361;9;9725896141;S
20240229;103928;3360.8;1;9725896142;S
20240229;103934;3361;8;9725896954;S
20240229;103934;3361;1;9725896955;S
20240229;103936;3361.2;3;9725897128;B
20240229;103939;3361.2;16;9725897382;B
20240229;103939;3361.6;8;9725897383;B
20240229;103939;3361.8;89;9725897384;B
20240229;103939;3362;20;9725897385;B
20240229;103939;3362;20;9725897386;B
20240229;103939;3362.2;19;9725897387;B
20240229;103939;3362.2;8;9725897388;B
20240229;103939;3361.4;1;9725897421;S
20240229;103940;3362.4;5;9725897595;B
20240229;103941;3362.4;1;9725897692;B
20240229;103944;3362.8;1;9725898011;B
20240229;103946;3362.8;18;9725898185;B
20240229;103946;3362.8;8;9725898186;B
20240229;103946;3363;23;9725898187;B
20240229;103946;3363;52;9725898188;B
20240229;103946;3363.6;79;9725898189;B
20240229;103947;3363.8;1;9725898267;B
20240229;103948;3363;2;9725898390;S
20240229;104002;3362.2;1;9725899744;S
20240229;104010;3362.8;3;9725900513;B
20240229;104010;3361.8;6;9725900629;S
20240229;104010;3361.8;4;9725900630;S
20240229;104010;3361.6;50;9725900631;S
20240229;104010;3361.6;59;9725900632;S
20240229;104010;3361.6;29;9725900633;S
20240229;104010;3361.2;3;9725900634;S
20240229;104010;3361.2;49;9725900635;S
20240229;104010;3361;5;9725900636;S
20240229;104010;3361;15;9725900637;S
20240229;104010;3361;19;9725900638;S
20240229;104010;3360.8;1;9725900639;S
20240229;104010;3360.8;5;9725900640;S
20240229;104010;3360.8;50;9725900641;S
20240229;104010;3360.8;40;9725900642;S
20240229;104010;3360.8;60;9725900643;S
20240229;104010;3360.6;5;9725900644;S
20240229;104010;3360.6;52;9725900645;S
20240229;104010;3360.4;20;9725900646;S
20240229;104010;3360.2;10;9725900647;S
20240229;104010;3360.2;18;9725900648;S
20240229;104013;3361.2;1;9725901045;B
20240229;104014;3361;72;9725901073;B
20240229;104015;3361.8;19;9725901235;B
20240229;104015;3361.8;1;9725901236;B
20240229;104024;3362.2;1;9725902468;B
20240229;104027;3362;10;9725902765;S
20240229;104031;3360.6;5;9725903241;S
20240229;104031;3360.6;1;9725903253;B
20240229;104050;3361.6;7;9725905503;B
20240229;104050;3361.6;30;9725905504;B
20240229;104050;3361.8;16;9725905505;B
20240229;104050;3362;14;9725905506;B
20240229;104050;3362;100;9725905507;B
20240229;104050;3362;1;9725905508;B
20240229;104050;3362.2;76;9725905509;B
20240229;104050;3362.4;15;9725905510;B
20240229;104050;3362.4;52;9725905511;B
20240229;104050;3362.6;178;9725905512;B
20240229;104050;3362.8;40;9725905513;B
20240229;104050;3363;6;9725905514;B
20240229;104050;3363;60;9725905515;B
20240229;104050;3363.2;120;9725905516;B
20240229;104050;3363.4;100;9725905517;B
20240229;104050;3363.6;89;9725905518;B
20240229;104050;3363.8;94;9725905519;B
20240229;104050;3363.8;60;9725905520;B
20240229;104050;3364;169;9725905521;B
20240229;104050;3364;5;9725905522;B
20240229;104050;3364;4;9725905523;B
20240229;104050;3364;8;9725905524;B
20240229;104050;3364;1;9725905679;B
20240229;104058;3363.6;1;9725906478;B
20240229;104107;3363.2;1;9725907357;B
20240229;104121;3363;6;9725908929;B
20240229;104121;3363.2;14;9725908930;S
20240229;104121;3362.8;89;9725908976;B
20240229;104127;3362.8;2;9725909518;S
20240229;104129;3362.6;45;9725909788;S
20240229;104129;3362.6;89;9725909838;B
20240229;104141;3362.8;38;9725911287;S
20240229;104141;3362.6;7;9725911288;S
20240229;104141;3362.4;19;9725911289;S
20240229;104141;3361.8;36;9725911290;S
20240229;104143;3362;50;9725911429;B
20240229;104143;3362.8;52;9725911475;B
20240229;104148;3363.2;52;9725911952;B
20240229;104148;3363.4;10;9725911959;B
20240229;104149;3363.6;1;9725912046;B
20240229;104149;3363.8;2;9725912047;B
20240229;104150;3362.8;2;9725912145;S
20240229;104155;3363.8;50;9725912593;B
20240229;104157;3364;1;9725912850;B
20240229;104157;3364;88;9725912854;B
20240229;104157;3364;20;9725912855;B
20240229;104157;3364;19;9725912856;B
20240229;104157;3364;5;9725912857;B
20240229;104157;3364;1;9725912859;B
20240229;104157;3364;200;9725912860;B
20240229;104157;3364;201;9725912861;B
20240229;104157;3364;201;9725912862;B
20240229;104157;3364;201;9725912863;B
20240229;104157;3364;201;9725912864;B
20240229;104157;3364;201;9725912865;B
20240229;104157;3364;201;9725912866;B
20240229;104157;3364;4;9725912867;B
20240229;104157;3364;201;9725912868;B
20240229;104157;3364;200;9725912869;B
20240229;104157;3364;200;9725912870;B
20240229;104157;3364;94;9725912871;B
20240229;104157;3364.2;147;9725912872;B
20240229;104157;3364.2;4;9725912873;B
20240229;104157;3364.2;6;9725912874;B
20240229;104157;3364.4;26;9725912875;B
20240229;104157;3364.4;74;9725912876;B
20240229;104157;3364.4;26;9725912877;B
20240229;104157;3364.6;90;9725912878;B
20240229;104157;3364.6;10;9725912879;B
20240229;104157;3364.8;52;9725912880;B
20240229;104157;3365;24;9725912881;B
20240229;104157;3365;77;9725912882;B
20240229;104157;3365;364;9725912883;B
20240229;104157;3365;200;9725912884;B
20240229;104157;3365;200;9725912885;B
20240229;104157;3365;144;9725912886;B
20240229;104157;3365;1;9725912887;B
20240229;104157;3365;9;9725912888;B
20240229;104157;3365;30;9725912889;B
20240229;104157;3365;2;9725912890;B
20240229;104157;3365;2;9725912891;B
20240229;104157;3365;11;9725912892;B
20240229;104157;3365;41;9725912893;B
20240229;104157;3365;78;9725912894;B
20240229;104157;3365;10;9725912895;B
20240229;104157;3365;3;9725912896;B
20240229;104157;3365;9;9725912897;B
20240229;104157;3365;1;9725912898;B
20240229;104157;3365;5;9725912899;B
20240229;104157;3365;5;9725912900;B
20240229;104157;3365;1;9725912901;B
20240229;104157;3365;6;9725912902;B
20240229;104157;3365;4;9725912903;B
20240229;104157;3365;2;9725912904;B
20240229;104157;3365;6;9725912905;B
20240229;104157;3365;12;9725912906;B
20240229;104157;3365;80;9725912907;B
20240229;104157;3365;20;9725912908;B
20240229;104157;3365;100;9725912909;B
20240229;104157;3365;380;9725912910;B
20240229;104157;3365;100;9725912911;B
20240229;104157;3365.8;100;9725912912;B
20240229;104157;3366.4;10;9725912913;B
20240229;104157;3366.4;6;9725912917;B
20240229;104157;3366.4;94;9725912920;B
20240229;104157;3366.8;39;9725912921;B
20240229;104157;3366.8;1;9725912922;B
20240229;104157;3366.8;52;9725912923;B
20240229;104157;3367;11;9725912924;B
20240229;104157;3367.4;3;9725912925;B
20240229;104157;3367.6;10;9725912926;B
20240229;104157;3367.6;2;9725912927;B
20240229;104157;3367.6;52;9725912928;B
20240229;104157;3367.8;16;9725912929;B
20240229;104157;3368;10;9725912933;B
20240229;104157;3368;10;9725912934;B
20240229;104157;3368.2;10;9725912935;B
20240229;104157;3368.2;1;9725912951;B
20240229;104158;3367.8;60;9725913052;B
20240229;104202;3367;10;9725913627;S
20240229;104203;3366.2;2;9725913688;S
20240229;104205;3367.6;51;9725913893;B
20240229;104205;3367.8;100;9725913894;B
20240229;104205;3368;15;9725913895;B
20240229;104205;3368.2;40;9725913896;B
20240229;104205;3368.4;60;9725913897;B
20240229;104205;3368.6;36;9725913898;B
20240229;104205;3368.8;20;9725913899;B
20240229;104205;3368.8;100;9725913900;B
20240229;104205;3369;178;9725913901;B
20240229;104213;3367;2;9725914951;B
20240229;104213;3366.8;5;9725914952;S
20240229;104222;3365.6;2;9725915977;S
20240229;104222;3365.4;8;9725915978;S
20240229;104222;3365.2;48;9725915979;S
20240229;104236;3365;30;9725917585;B
20240229;104248;3365;1;9725918874;B
20240229;104250;3365;2;9725919181;B
20240229;104250;3365.2;40;9725919182;B
20240229;104253;3366;6;9725919428;B
20240229;104253;3366.2;1;9725919429;B
20240229;104300;3366.8;8;9725920099;B
20240229;104300;3367.2;38;9725920100;B
20240229;104300;3367.2;40;9725920101;B
20240229;104300;3367.2;40;9725920102;B
20240229;104300;3367.2;4;9725920153;B
20240229;104300;3367.2;6;9725920154;B
20240229;104303;3367.2;1;9725920552;B
20240229;104303;3367.2;1;9725920553;B
20240229;104303;3367.2;1;9725920554;B
20240229;104306;3367;1;9725920860;S
20240229;104310;3367.2;69;9725921297;B
20240229;104310;3367.4;4;9725921298;B
20240229;104311;3368.2;1;9725921413;B
20240229;104311;3368;3;9725921414;S
20240229;104313;3368;86;9725921664;S
20240229;104313;3368;5;9725921665;S
20240229;104313;3367.8;10;9725921666;S
20240229;104313;3367.8;8;9725921667;S
20240229;104313;3367.8;28;9725921668;S
20240229;104315;3368;1;9725921774;S
20240229;104320;3368;4;9725922268;S
20240229;104332;3368.2;19;9725923563;B
20240229;104332;3368.2;8;9725923564;B
20240229;104332;3368.2;5;9725923565;B
20240229;104332;3369;313;9725923566;B
20240229;104332;3368.8;10;9725923567;B
20240229;104332;3368.8;25;9725923568;B
20240229;104350;3369;50;9725925913;B
20240229;104350;3369;50;9725925914;B
20240229;104350;3369;50;9725925915;B
20240229;104350;3369;23;9725925916;B
20240229;104353;3369;6;9725926245;B
20240229;104354;3369;1;9725926380;B
20240229;104355;3369;40;9725926456;B
20240229;104355;3369;1;9725926457;B
20240229;104355;3369.2;8;9725926458;B
20240229;104355;3369.2;1;9725926459;B
20240229;104356;3369.6;50;9725926648;B
20240229;104359;3369.6;5;9725926915;S
20240229;104359;3369.6;18;9725926916;S
20240229;104403;3369.8;4;9725927358;B
20240229;104403;3369.8;2;9725927359;B
20240229;104405;3369.8;1;9725927570;S
20240229;104407;3370;12;9725927731;B
20240229;104407;3370;22;9725927732;B
20240229;104411;3369.8;12;9725928013;S
20240229;104418;3370;1;9725928609;B
20240229;104429;3370;1;9725929631;B
20240229;104435;3370;3;9725930326;B
20240229;104440;3370;173;9725930759;B
20240229;104440;3370;15;9725930760;B
20240229;104440;3370;20;9725930761;B
20240229;104440;3370;1;9725930762;B
20240229;104440;3370;2;9725930763;B
20240229;104440;3370;1;9725930764;B
20240229;104440;3370;1;9725930765;B
20240229;104440;3370;8;9725930766;B
20240229;104440;3370;51;9725930767;B
20240229;104440;3370;1;9725930768;B
20240229;104440;3370;10;9725930769;B
20240229;104440;3370.6;1;9725930770;B
20240229;104440;3370.6;71;9725930771;B
20240229;104440;3370.6;29;9725930772;B
20240229;104440;3370.6;51;9725930773;B
20240229;104440;3370.8;4;9725930774;B
20240229;104440;3370.6;8;9725930775;S
20240229;104440;3370.6;43;9725930776;S
20240229;104440;3370.6;12;9725930777;B
20240229;104440;3370.6;1;9725930778;B
20240229;104440;3370.6;7;9725930779;B
20240229;104440;3370.8;4;9725930780;B
20240229;104440;3371;10;9725930787;B
20240229;104440;3371;10;9725930788;B
20240229;104440;3371;10;9725930789;B
20240229;104440;3371;10;9725930790;B
20240229;104440;3371;10;9725930792;B
20240229;104440;3370.6;1;9725930818;S
20240229;104441;3371;5;9725930878;B
20240229;104442;3371;8;9725930962;B
20240229;104442;3371;10;9725930963;B
20240229;104442;3371;27;9725930970;B
20240229;104442;3371;1;9725930971;B
20240229;104442;3371.2;2;9725930972;B
20240229;104449;3371.6;51;9725931547;B
20240229;104449;3371.8;12;9725931548;B
20240229;104449;3371.8;10;9725931549;B
20240229;104449;3371.8;8;9725931550;B
20240229;104449;3372;19;9725931551;B
20240229;104449;3372;1;9725931561;B
20240229;104449;3372;4;9725931562;B
20240229;104449;3372.2;3;9725931563;B
20240229;104449;3372.2;51;9725931564;B
20240229;104449;3372.4;21;9725931565;B
20240229;104449;3372.4;8;9725931566;B
20240229;104449;3372.8;2;9725931567;B
20240229;104449;3372.8;1;9725931568;B
20240229;104449;3373;209;9725931569;B
20240229;104449;3372.8;51;9725931570;B
20240229;104449;3372.8;14;9725931571;S
20240229;104450;3372.8;20;9725931699;B
20240229;104500;3372.6;100;9725932525;S
20240229;104500;3372.6;11;9725932526;S
20240229;104501;3372.6;2;9725932611;S
20240229;104501;3372.6;1;9725932648;S
20240229;104501;3372.6;1;9725932699;S
20240229;104503;3372.6;3;9725932799;S
20240229;104504;3372.6;2;9725932953;S
20240229;104505;3372.6;1;9725933068;S
20240229;104505;3372.6;1;9725933097;S
20240229;104505;3372.6;52;9725933098;S
20240229;104505;3372.6;26;9725933099;S
20240229;104505;3372.6;1;9725933100;S
20240229;104505;3372;44;9725933101;S
20240229;104505;3371.6;14;9725933102;S
20240229;104505;3371;7;9725933103;S
20240229;104505;3371;41;9725933104;S
20240229;104505;3371;32;9725933105;S
20240229;104505;3370.6;38;9725933106;S
20240229;104505;3370.6;117;9725933107;S
20240229;104505;3370.6;23;9725933108;S
20240229;104505;3370;22;9725933109;S
20240229;104505;3370;22;9725933110;S
20240229;104505;3370;20;9725933111;S
20240229;104505;3370;153;9725933112;S
20240229;104505;3370;6;9725933113;S
20240229;104505;3369.8;1;9725933114;S
20240229;104505;3369.8;2;9725933115;S
20240229;104506;3369.8;8;9725933187;B
20240229;104506;3369.8;5;9725933188;B
20240229;104506;3370;37;9725933189;B
20240229;104507;3369;1;9725933291;S
20240229;104507;3369.6;4;9725933320;B
20240229;104511;3369.4;3;9725933580;B
20240229;104518;3369;1;9725934339;S
20240229;104526;3368.8;1;9725935177;B
20240229;104526;3369;3;9725935178;B
20240229;104530;3369.2;2;9725935582;B
20240229;104535;3368.8;4;9725936138;S
20240229;104543;3369.2;6;9725936879;B
20240229;104543;3369.4;15;9725936880;B
20240229;104543;3369.6;7;9725936881;B
20240229;104546;3368.8;5;9725937191;S
20240229;104546;3369;6;9725937216;B
20240229;104546;3369.2;9;9725937217;B
20240229;104548;3368.8;46;9725937398;S
20240229;104548;3368.6;10;9725937399;S
20240229;104551;3368.4;1;9725937637;B
20240229;104556;3367.8;30;9725938384;S
20240229;104606;3368.4;3;9725939097;B
20240229;104606;3368.4;1;9725939112;B
20240229;104615;3368.4;3;9725939956;B
20240229;104627;3368.4;6;9725941191;B
20240229;104630;3368.4;16;9725941357;B
20240229;104630;3368.4;29;9725941358;B
20240229;104630;3368.6;6;9725941359;B
20240229;104630;3369;15;9725941360;B
20240229;104630;3369.2;26;9725941374;B
20240229;104642;3369.2;51;9725942442;B
20240229;104642;3369.2;12;9725942443;B
20240229;104642;3369.2;1;9725942444;B
20240229;104642;3369.4;6;9725942445;B
20240229;104642;3370;40;9725942446;B
20240229;104647;3369.6;1;9725943179;B
20240229;104649;3369.8;50;9725943382;B
20240229;104655;3369.4;1;9725943822;S
20240229;104700;3369.4;3;9725944267;B
20240229;104705;3369.6;5;9725944946;B
20240229;104705;3369.8;57;9725944947;B
20240229;104705;3370;50;9725944948;B
20240229;104705;3370;2;9725944949;B
20240229;104705;3370;32;9725944950;B
20240229;104729;3370;4;9725947003;B
20240229;104732;3370;4;9725947193;B
20240229;104732;3370;2;9725947194;B
20240229;104732;3370;5;9725947195;B
20240229;104732;3370;1;9725947196;B
20240229;104732;3370;10;9725947197;B
20240229;104732;3370;5;9725947198;B
20240229;104732;3370.2;77;9725947199;B
20240229;104732;3370.2;25;9725947200;B
20240229;104732;3370.2;98;9725947201;B
20240229;104732;3370.4;2;9725947202;B
20240229;104736;3370.8;4;9725947878;B
20240229;104736;3371.2;40;9725947879;B
20240229;104736;3371.8;6;9725947880;B
20240229;104739;3370.4;4;9725948192;S
20240229;104739;3370.4;11;9725948193;S
20240229;104747;3370;2;9725949258;S
20240229;104747;3370;1;9725949259;S
20240229;104752;3370.4;40;9725949878;B
20240229;104752;3370.4;2;9725949879;B
20240229;104752;3370.4;2;9725949880;B
20240229;104757;3371.4;1;9725950536;B
20240229;104800;3370.8;4;9725950767;S
20240229;104800;3370.6;23;9725950768;S
20240229;104800;3370.4;56;9725950769;S
20240229;104800;3370.2;14;9725950770;S
20240229;104800;3370;1;9725950771;S
20240229;104800;3370;1;9725950772;B
20240229;104800;3370;1;9725950773;B
20240229;104814;3369.8;4;9725952080;S
20240229;104814;3369.6;29;9725952081;S
20240229;104814;3369.6;22;9725952082;S
20240229;104814;3369.4;25;9725952083;S
20240229;104832;3369.6;5;9725954128;B
20240229;104832;3369.6;5;9725954129;B
20240229;104832;3370;6;9725954130;B
20240229;104832;3370.2;14;9725954131;B
20240229;104832;3370.6;8;9725954132;B
20240229;104832;3370.8;5;9725954133;B
20240229;104832;3370.8;89;9725954134;B
20240229;104832;3371;48;9725954135;B
20240229;104837;3370;68;9725954573;S
20240229;104837;3369.8;19;9725954574;S
20240229;104837;3369.8;6;9725954575;S
20240229;104837;3369.8;7;9725954576;S
20240229;104845;3369.8;51;9725955194;B
20240229;104845;3370.2;1;9725955282;B
20240229;104848;3370.4;10;9725955399;B
20240229;104848;3370.4;5;9725955440;B
20240229;104850;3369.8;1;9725955566;S
20240229;104854;3370.4;6;9725956026;B
20240229;104854;3370.8;15;9725956027;B
20240229;104854;3371;18;9725956028;B
20240229;104854;3371.2;21;9725956029;B
20240229;104854;3371.2;89;9725956030;B
20240229;104854;3371.4;31;9725956031;B
20240229;104906;3370.8;6;9725957124;S
20240229;104906;3370.6;34;9725957125;S
20240229;104906;3370.2;15;9725957126;S
20240229;104906;3370.2;14;9725957127;S
20240229;104906;3370;19;9725957128;S
20240229;104906;3369.8;12;9725957129;B
20240229;104909;3370.6;6;9725957360;B
20240229;104909;3371;16;9725957361;B
20240229;104920;3370.4;6;9725958214;S
20240229;104920;3370;31;9725958215;S
20240229;104920;3369.8;18;9725958216;S
20240229;104920;3369.6;3;9725958217;S
20240229;104926;3369.6;6;9725958626;S
20240229;104926;3369.4;4;9725958627;S
20240229;104933;3370.2;1;9725959269;B
20240229;104936;3370.2;1;9725959470;B
20240229;104938;3369.4;6;9725959612;S
20240229;104938;3369.2;4;9725959613;S
20240229;104941;3370;6;9725959922;B
20240229;104954;3369.4;1;9725961046;S
20240229;104955;3369.8;2;9725961169;B
20240229;104959;3370.2;1;9725961683;B
20240229;104959;3370;1;9725961708;S
20240229;105005;3370.2;1;9725962106;B
20240229;105008;3370;6;9725962427;B
20240229;105008;3370;1;9725962428;B
20240229;105008;3370.2;76;9725962429;B
20240229;105008;3370.4;97;9725962430;B
20240229;105018;3370.4;2;9725963606;B
20240229;105019;3369.8;5;9725963622;S
20240229;105019;3369.4;25;9725963623;S
20240229;105034;3369.8;1;9725965215;B
20240229;105034;3369.8;5;9725965217;B
20240229;105034;3369.8;38;9725965218;B
20240229;105034;3370;4;9725965219;B
20240229;105034;3370;133;9725965220;B
20240229;105040;3370;2;9725965932;B
20240229;105057;3370;140;9725967373;B
20240229;105057;3370;1;9725967374;B
20240229;105057;3370;39;9725967375;B
20240229;105102;3369.8;1;9725967866;S
20240229;105118;3369.8;5;9725969382;S
20240229;105118;3369.8;31;9725969383;S
20240229;105118;3369.6;51;9725969384;S
20240229;105118;3369.4;15;9725969385;S
20240229;105118;3369;18;9725969386;S
20240229;105146;3370;11;9725971665;B
20240229;105146;3370;1;9725971666;B
20240229;105146;3370.2;5;9725971667;B
20240229;105146;3370.4;15;9725971668;B
20240229;105146;3370.4;13;9725971669;B
20240229;105146;3370.4;55;9725971670;B
20240229;105146;3370;6;9725971673;S
20240229;105146;3369.8;4;9725971674;S
20240229;105155;3368.8;39;9725972693;S
20240229;105155;3368.8;35;9725972694;S
20240229;105155;3368.8;134;9725972695;S
20240229;105155;3368.8;62;9725972777;S
20240229;105155;3368.8;239;9725972784;S
20240229;105155;3368.8;2;9725972785;S
20240229;105155;3368.4;9;9725972794;S
20240229;105155;3368.4;10;9725972795;S
20240229;105155;3368;1;9725972815;S
20240229;105155;3368;16;9725972816;S
20240229;105155;3368;10;9725972817;S
20240229;105155;3367.4;10;9725972834;B
20240229;105156;3367;1;9725972926;S
20240229;105156;3367;1;9725972927;S
20240229;105156;3366.6;1;9725972995;S
20240229;105156;3366.6;1;9725972996;S
20240229;105156;3366.4;15;9725973040;S
20240229;105156;3366.4;15;9725973092;S
20240229;105156;3366.2;2;9725973093;S
20240229;105156;3366;1;9725973094;S
20240229;105156;3366;37;9725973302;S
20240229;105156;3365.8;19;9725973451;S
20240229;105156;3365.6;15;9725973511;S
20240229;105156;3365.4;4;9725973512;S
20240229;105157;3365.4;2;9725973747;S
20240229;105213;3367.4;3;9725975633;B
20240229;105219;3365.8;2;9725976210;S
20240229;105231;3366;2;9725977249;S
20240229;105231;3366.4;10;9725977298;B
20240229;105238;3366;6;9725978401;S
20240229;105247;3366;10;9725979233;S
20240229;105248;3366;2;9725979327;S
20240229;105300;3366.2;1;9725980493;B
20240229;105333;3366;1;9725983254;S
20240229;105337;3366.2;1;9725983685;B
20240229;105337;3366.2;10;9725983686;B
20240229;105337;3366.2;1;9725983687;B
20240229;105338;3366.2;6;9725983733;S
20240229;105400;3366.2;23;9725985978;S
20240229;105400;3366.2;20;9725985979;S
20240229;105400;3366.2;50;9725985980;S
20240229;105400;3366.2;10;9725985981;S
20240229;105400;3366;131;9725985982;S
20240229;105400;3366;5;9725985983;S
20240229;105400;3366;29;9725985984;S
20240229;105400;3366;15;9725985985;S
20240229;105400;3365.6;1;9725985986;S
20240229;105400;3365.4;4;9725985987;S
20240229;105400;3365.4;51;9725985988;S
20240229;105400;3365.4;60;9725985989;S
20240229;105400;3365.2;89;9725985990;S
20240229;105400;3365;1;9725985991;S
20240229;105400;3365;1;9725985992;S
20240229;105400;3365;1;9725985993;S
20240229;105400;3365;446;9725985994;S
20240229;105400;3365;25;9725985995;S
20240229;105400;3365;64;9725985996;B
20240229;105402;3364.6;12;9725986240;S
20240229;105402;3364.6;4;9725986241;S
20240229;105402;3364.4;1;9725986242;S
20240229;105402;3364.4;30;9725986243;S
20240229;105402;3364.4;3;9725986244;S
20240229;105414;3364.4;25;9725987387;S
20240229;105414;3364.4;5;9725987388;S
20240229;105414;3364.4;20;9725987389;S
20240229;105415;3364.4;50;9725987435;S
20240229;105435;3364.8;2;9725988931;S
20240229;105435;3364.6;4;9725988984;S
20240229;105435;3364.6;5;9725988985;S
20240229;105435;3364.6;4;9725988986;S
20240229;105440;3364.4;5;9725989715;S
20240229;105441;3364.4;13;9725989773;S
20240229;105441;3364.4;6;9725989818;S
20240229;105441;3364.4;6;9725989977;S
20240229;105442;3364.4;1;9725990061;S
20240229;105443;3364.4;2;9725990166;S
20240229;105443;3364.4;1;9725990199;S
20240229;105446;3364.4;8;9725990452;S
20240229;105447;3364.4;2;9725990590;S
20240229;105450;3364.8;1;9725991119;B
20240229;105454;3364.4;2;9725991422;S
20240229;105456;3364.4;18;9725991704;S
20240229;105458;3364.8;1;9725991935;B
20240229;105504;3364.6;1;9725992604;S
20240229;105504;3364.4;2;9725992654;S
20240229;105505;3364.4;2;9725992774;S
20240229;105507;3364.4;4;9725993138;S
20240229;105507;3364.4;2;9725993228;S
20240229;105509;3364.8;1;9725993500;B
20240229;105515;3364.4;5;9725994132;S
20240229;105540;3364.8;1;9725997031;B
20240229;105540;3364.8;5;9725997074;B
20240229;105542;3364.8;3;9725997202;B
20240229;105542;3365;1;9725997203;B
20240229;105542;3365.2;7;9725997204;B
20240229;105542;3365.4;18;9725997205;B
20240229;105543;3365.8;7;9725997364;S
20240229;105543;3365.6;12;9725997365;S
20240229;105551;3365.6;10;9725998338;S
20240229;105551;3364.8;1;9725998339;S
20240229;105551;3364.8;5;9725998340;S
20240229;105551;3364.6;1;9725998341;S
20240229;105551;3364.6;15;9725998342;S
20240229;105551;3364.6;42;9725998343;S
20240229;105556;3364.8;2;9725998805;S
20240229;105611;3366;2;9725999900;B
20240229;105611;3366;8;9725999901;B
